,btc,eth,ltc,xrp
2018-02-28 09:52:14.089710,8688.64,710.5,173.72,0.74587
2018-02-28 09:52:24.592696,8688.64,710.5,173.72,0.74587
2018-02-28 09:52:34.879495,8688.64,710.5,173.72,0.74587
2018-02-28 09:52:45.075590,8688.64,710.5,173.72,0.74587
2018-02-28 09:52:55.488652,8674.39,710.5,173.72,0.74936
2018-02-28 09:53:05.892282,8693.0,710.5,173.72,0.74936
2018-02-28 09:53:16.175779,8694.49,710.5,174.43,0.74936
2018-02-28 09:53:26.561253,8694.49,710.5,174.43,0.74936
2018-02-28 09:53:36.856574,8694.49,710.5,174.43,0.74955
2018-02-28 09:53:47.134289,8695.02,710.5,174.43,0.74967
2018-02-28 09:53:57.698278,8695.02,710.5,174.43,0.74967
2018-02-28 09:54:07.957927,8695.02,710.5,174.43,0.749
2018-02-28 09:54:18.512259,8695.02,710.5,174.43,0.74992
2018-02-28 09:54:28.820557,8695.02,711.0,174.43,0.74443
2018-02-28 09:54:39.204958,8679.64,711.0,174.43,0.74445
2018-02-28 09:54:49.634236,8679.64,711.0,174.43,0.74445
2018-02-28 09:54:59.965868,8679.64,711.13,174.43,0.74924
2018-02-28 09:55:10.349688,8695.02,711.13,174.43,0.74924
2018-02-28 09:55:20.782275,8695.02,711.84,174.43,0.74924
2018-02-28 09:55:31.505125,8690.0,711.84,174.34,0.74924
2018-02-28 09:55:41.801601,8694.03,711.84,174.34,0.74924
2018-02-28 09:55:52.203027,8695.02,711.84,174.34,0.74924
2018-02-28 09:56:02.877222,8671.41,711.35,174.36,0.7492
2018-02-28 09:56:13.123369,8671.41,711.35,174.36,0.7492
2018-02-28 09:56:23.507454,8680.92,711.35,174.36,0.7492
2018-02-28 09:56:33.908747,8680.92,711.35,173.9,0.7492
2018-02-28 09:56:44.247000,8680.92,711.35,173.9,0.7492
2018-02-28 09:56:54.743339,8680.92,711.35,173.9,0.7492
2018-02-28 09:57:05.134856,8671.91,710.74,173.9,0.7492
2018-02-28 09:57:15.625037,8695.02,710.74,173.9,0.7492
2018-02-28 09:57:26.103361,8695.02,710.74,173.55,0.7492
2018-02-28 09:57:36.480115,8695.02,710.74,173.55,0.74523
2018-02-28 09:57:46.678355,8695.02,710.74,173.55,0.74523
2018-02-28 09:57:57.043706,8695.02,710.74,173.55,0.74523
2018-02-28 09:58:07.557355,8680.22,711.12,173.55,0.74523
2018-02-28 09:58:17.874871,8670.01,711.12,173.55,0.74523
2018-02-28 09:58:28.369388,8685.4,711.12,173.89,0.74523
2018-02-28 09:58:38.674884,8684.6,711.12,173.73,0.74523
2018-02-28 09:58:49.063632,8684.5,711.12,173.73,0.74523
2018-02-28 09:58:59.273741,8684.5,711.12,173.73,0.74523
2018-02-28 09:59:09.564606,8668.08,710.03,173.73,0.74523
2018-02-28 09:59:19.863674,8668.08,710.08,173.55,0.74825
2018-02-28 09:59:30.262445,8668.08,707.55,173.55,0.74825
2018-02-28 09:59:40.934008,8657.56,707.55,173.86,0.74523
2018-02-28 09:59:51.427413,8676.7,707.55,173.87,0.74523
2018-02-28 10:00:01.910223,8676.7,707.55,173.89,0.74523
2018-02-28 10:00:12.170119,8676.8,707.59,173.89,0.74523
2018-02-28 10:00:22.713340,8679.9,710.34,173.89,0.74536
2018-02-28 10:00:33.034563,8676.5,710.35,173.89,0.74748
2018-02-28 10:00:43.533762,8676.5,710.35,173.89,0.74748
2018-02-28 10:00:53.905314,8676.5,710.35,173.89,0.74748
2018-02-28 10:01:04.217742,8676.3,710.35,173.89,0.74748
2018-02-28 10:01:14.642161,8661.2,709.68,173.89,0.74748
2018-02-28 10:01:24.936701,8661.2,709.68,173.89,0.74748
2018-02-28 10:01:35.489961,8661.2,709.68,173.89,0.74191
2018-02-28 10:01:45.889634,8661.2,709.68,173.89,0.74191
2018-02-28 10:01:56.354751,8661.2,709.68,173.66,0.74191
2018-02-28 10:02:06.552391,8660.83,709.68,173.66,0.74729
2018-02-28 10:02:16.887337,8676.68,709.68,173.66,0.74729
2018-02-28 10:02:27.370669,8660.83,709.68,173.6,0.74729
2018-02-28 10:02:37.637731,8660.83,709.68,173.6,0.74729
2018-02-28 10:02:47.973312,8660.83,709.68,173.66,0.74205
2018-02-28 10:02:58.477851,8660.83,709.68,173.66,0.74075
2018-02-28 10:03:08.804719,8681.5,709.68,173.66,0.74075
2018-02-28 10:03:19.135777,8683.5,709.68,173.66,0.74075
2018-02-28 10:03:29.657889,8685.0,709.3,173.37,0.74075
2018-02-28 10:03:39.980035,8685.0,709.3,173.37,0.74075
2018-02-28 10:03:50.262331,8685.0,709.3,173.52,0.74075
2018-02-28 10:04:00.821914,8682.07,709.3,173.52,0.74496
2018-02-28 10:04:11.107596,8682.07,709.6,173.52,0.74496
2018-02-28 10:04:21.690162,8670.61,707.79,173.69,0.74496
2018-02-28 10:04:32.494035,8670.61,707.79,173.69,0.74496
2018-02-28 10:04:42.703393,8670.61,709.58,173.69,0.74496
2018-02-28 10:04:52.920086,8670.61,709.58,173.69,0.74467
2018-02-28 10:05:03.187875,8668.31,709.58,173.52,0.74467
2018-02-28 10:05:13.669850,8684.78,709.58,173.52,0.74467
2018-02-28 10:05:24.157177,8670.0,706.06,173.36,0.74199
2018-02-28 10:05:34.457306,8670.0,707.89,173.36,0.74199
2018-02-28 10:05:44.713327,8665.32,707.89,173.37,0.743
2018-02-28 10:05:55.019817,8669.1,707.89,173.36,0.743
2018-02-28 10:06:05.517674,8665.28,707.89,173.36,0.743
2018-02-28 10:06:15.925092,8663.0,708.63,173.36,0.743
2018-02-28 10:06:26.393318,8663.0,708.63,173.36,0.743
2018-02-28 10:06:36.726357,8663.0,708.63,173.36,0.743
2018-02-28 10:06:47.034407,8663.0,708.62,173.36,0.743
2018-02-28 10:06:57.521157,8676.5,708.62,173.42,0.743
2018-02-28 10:07:08.054012,8668.3,708.62,173.21,0.743
2018-02-28 10:07:18.463005,8668.31,708.62,173.12,0.743
2018-02-28 10:07:28.908672,8668.31,708.62,173.12,0.743
2018-02-28 10:07:39.485700,8665.0,708.62,173.12,0.74538
2018-02-28 10:07:49.946863,8665.0,708.62,173.12,0.74538
2018-02-28 10:08:00.174838,8665.0,708.62,173.12,0.74538
2018-02-28 10:08:10.606443,8667.8,708.62,173.12,0.74538
2018-02-28 10:08:20.907591,8654.9,707.05,173.12,0.74513
2018-02-28 10:08:31.235686,8654.9,707.0,173.12,0.74513
2018-02-28 10:08:41.787599,8654.9,705.93,173.13,0.7451
2018-02-28 10:08:52.446586,8654.9,705.93,173.13,0.7451
2018-02-28 10:09:02.789370,8654.9,705.93,173.35,0.7451
2018-02-28 10:09:13.025712,8654.9,708.46,173.35,0.7451
2018-02-28 10:09:23.364760,8667.65,708.49,173.35,0.7451
2018-02-28 10:09:34.054469,8667.65,708.49,173.35,0.7451
2018-02-28 10:09:44.369699,8667.65,708.49,173.35,0.743
2018-02-28 10:09:54.750671,8667.65,708.49,173.2,0.743
2018-02-28 10:10:04.989959,8657.1,708.49,173.2,0.743
2018-02-28 10:10:15.529207,8657.0,708.49,173.2,0.743
2018-02-28 10:10:25.742403,8657.0,708.49,173.39,0.743
2018-02-28 10:10:36.047000,8657.0,708.49,173.39,0.74235
2018-02-28 10:10:46.360336,8657.0,708.49,173.39,0.74235
2018-02-28 10:10:56.854797,8657.0,709.77,173.21,0.74235
2018-02-28 10:11:07.059914,8676.5,709.77,173.21,0.74235
2018-02-28 10:11:17.671846,8676.5,709.77,173.22,0.74235
2018-02-28 10:11:28.435094,8676.5,709.77,173.22,0.74235
2018-02-28 10:11:38.916531,8676.5,709.77,173.22,0.74235
2018-02-28 10:11:49.210841,8676.5,709.77,173.22,0.74235
2018-02-28 10:11:59.455019,8676.5,709.77,173.22,0.74235
2018-02-28 10:12:09.981164,8676.5,709.77,173.22,0.74235
2018-02-28 10:12:20.713646,8676.5,709.77,173.22,0.74235
2018-02-28 10:12:31.082975,8676.5,709.77,173.22,0.74235
2018-02-28 10:12:41.490819,8676.5,707.52,173.49,0.74235
2018-02-28 10:12:51.940193,8676.5,707.52,173.49,0.74235
2018-02-28 10:13:02.587196,8676.5,707.52,173.49,0.74202
2018-02-28 10:13:12.840052,8676.34,707.52,173.49,0.74202
2018-02-28 10:13:23.252721,8664.5,707.91,173.49,0.74202
2018-02-28 10:13:33.612957,8685.0,707.91,172.62,0.743
2018-02-28 10:13:43.836518,8685.0,707.91,172.62,0.743
2018-02-28 10:13:54.169506,8669.61,707.91,172.62,0.743
2018-02-28 10:14:04.765029,8672.24,707.91,172.62,0.743
2018-02-28 10:14:15.005988,8672.24,710.45,172.62,0.743
2018-02-28 10:14:25.439622,8685.59,710.45,172.62,0.743
2018-02-28 10:14:35.771522,8685.59,710.45,172.62,0.743
2018-02-28 10:14:46.450212,8680.6,710.45,172.62,0.743
2018-02-28 10:14:56.788378,8675.66,710.45,172.62,0.743
2018-02-28 10:15:07.160792,8682.42,707.4,172.62,0.743
2018-02-28 10:15:17.726281,8701.86,707.4,173.89,0.743
2018-02-28 10:15:28.033999,8701.86,710.87,174.09,0.743
2018-02-28 10:15:38.410909,8675.59,710.87,174.09,0.743
2018-02-28 10:15:48.802972,8675.59,709.28,174.09,0.743
2018-02-28 10:15:59.139758,8682.43,709.28,174.09,0.743
2018-02-28 10:16:09.591856,8702.64,710.12,173.91,0.743
2018-02-28 10:16:20.177666,8687.51,710.12,173.91,0.743
2018-02-28 10:16:30.782447,8695.1,710.12,173.91,0.743
2018-02-28 10:16:41.122023,8687.52,710.12,173.91,0.743
2018-02-28 10:16:51.878877,8687.52,710.12,173.91,0.743
2018-02-28 10:17:02.112796,8687.52,710.12,173.5,0.743
2018-02-28 10:17:12.368015,8702.15,710.12,173.72,0.743
2018-02-28 10:17:22.740944,8702.15,710.12,173.72,0.74449
2018-02-28 10:17:33.018654,8692.71,710.12,173.72,0.74449
2018-02-28 10:17:43.332196,8692.8,710.12,173.72,0.74449
2018-02-28 10:17:53.540063,8711.65,708.35,173.72,0.74402
2018-02-28 10:18:03.896277,8711.65,708.35,173.89,0.74402
2018-02-28 10:18:14.214740,8703.75,708.35,173.89,0.74402
2018-02-28 10:18:24.737714,8714.86,710.76,173.52,0.74449
2018-02-28 10:18:34.987410,8710.93,710.76,173.52,0.74449
2018-02-28 10:18:45.400510,8710.93,710.76,173.52,0.74449
2018-02-28 10:18:55.785734,8710.93,710.76,173.52,0.74449
2018-02-28 10:19:06.033518,8710.93,710.76,173.52,0.74449
2018-02-28 10:19:16.440288,8711.5,710.95,173.52,0.74449
2018-02-28 10:19:26.684063,8693.21,710.95,173.52,0.7444
2018-02-28 10:19:37.180846,8710.93,710.95,173.52,0.7444
2018-02-28 10:19:47.732748,8710.93,711.33,173.52,0.7444
2018-02-28 10:19:58.046015,8710.93,711.33,173.52,0.7444
2018-02-28 10:20:08.428824,8710.93,711.33,173.52,0.7444
2018-02-28 10:20:18.822176,8710.93,711.73,174.1,0.7444
2018-02-28 10:20:29.034926,8711.63,709.14,174.1,0.7444
2018-02-28 10:20:39.522787,8711.63,709.14,174.1,0.7444
2018-02-28 10:20:49.900204,8711.63,709.14,174.11,0.7444
2018-02-28 10:21:00.312287,8711.61,709.03,174.11,0.7444
2018-02-28 10:21:10.500089,8711.6,709.03,174.11,0.7444
2018-02-28 10:21:20.803662,8701.0,709.03,174.11,0.7444
2018-02-28 10:21:31.117076,8691.0,709.03,174.11,0.7444
2018-02-28 10:21:41.778311,8691.0,709.03,173.93,0.7444
2018-02-28 10:21:52.013541,8691.0,709.25,173.93,0.7444
2018-02-28 10:22:02.438355,8691.0,709.25,173.88,0.7444
2018-02-28 10:22:12.778816,8703.6,712.09,173.88,0.7444
2018-02-28 10:22:23.008514,8703.6,712.09,173.88,0.7444
2018-02-28 10:22:33.699437,8703.6,712.09,173.88,0.7444
2018-02-28 10:22:44.302643,8703.6,712.09,173.88,0.74252
2018-02-28 10:22:54.618834,8696.7,712.09,173.88,0.74252
2018-02-28 10:23:04.848221,8696.7,712.09,173.89,0.74252
2018-02-28 10:23:15.053973,8711.6,712.09,173.89,0.74252
2018-02-28 10:23:25.672837,8694.01,712.09,173.89,0.743
2018-02-28 10:23:35.923318,8694.12,712.09,173.89,0.743
2018-02-28 10:23:46.335446,8711.69,711.56,173.89,0.743
2018-02-28 10:23:56.809093,8711.69,711.56,173.89,0.743
2018-02-28 10:24:07.034738,8711.69,711.56,174.03,0.743
2018-02-28 10:24:17.515000,8695.1,711.56,174.03,0.743
2018-02-28 10:24:28.157514,8695.1,711.56,174.03,0.743
2018-02-28 10:24:38.761219,8690.1,711.56,174.03,0.743
2018-02-28 10:24:48.960802,8690.0,711.56,174.03,0.743
2018-02-28 10:24:59.298403,8685.01,711.0,174.03,0.743
2018-02-28 10:25:09.801307,8703.2,711.0,174.03,0.743
2018-02-28 10:25:20.445064,8703.3,711.0,173.52,0.74449
2018-02-28 10:25:30.783549,8703.3,711.0,173.52,0.74449
2018-02-28 10:25:40.975636,8687.01,711.0,173.52,0.74449
2018-02-28 10:25:51.361383,8687.01,709.25,173.52,0.74449
2018-02-28 10:26:01.579911,8685.62,709.25,173.52,0.74449
2018-02-28 10:26:11.914593,8703.3,709.25,173.52,0.74449
2018-02-28 10:26:22.438235,8703.3,711.14,173.52,0.74449
2018-02-28 10:26:32.924857,8695.34,711.34,173.52,0.74449
2018-02-28 10:26:43.349031,8695.21,711.34,173.52,0.74449
2018-02-28 10:26:53.550013,8695.21,711.34,173.52,0.74449
2018-02-28 10:27:03.922230,8685.0,711.34,173.52,0.74449
2018-02-28 10:27:14.164357,8675.59,711.34,173.52,0.74449
2018-02-28 10:27:24.594662,8675.59,709.25,173.57,0.74449
2018-02-28 10:27:34.912030,8675.59,709.25,173.5,0.74201
2018-02-28 10:27:45.198869,8669.7,709.25,173.5,0.74201
2018-02-28 10:27:55.512285,8670.22,709.01,173.38,0.74439
2018-02-28 10:28:06.062201,8670.0,709.41,173.21,0.74439
2018-02-28 10:28:16.692381,8670.0,709.25,173.36,0.74439
2018-02-28 10:28:27.178480,8670.0,708.36,173.36,0.74439
2018-02-28 10:28:37.597515,8660.89,708.73,173.42,0.74201
2018-02-28 10:28:47.779574,8665.0,708.73,173.42,0.74201
2018-02-28 10:28:58.349363,8650.0,708.73,173.42,0.7418
2018-02-28 10:29:08.860098,8650.0,708.73,173.42,0.74
2018-02-28 10:29:19.312868,8650.0,707.7,173.13,0.73842
2018-02-28 10:29:29.624127,8652.9,707.7,172.76,0.73842
2018-02-28 10:29:40.037844,8637.01,707.7,172.76,0.73842
2018-02-28 10:29:50.578072,8637.01,707.5,172.76,0.73842
2018-02-28 10:30:00.831339,8627.7,707.3,172.76,0.73842
2018-02-28 10:30:11.336033,8652.7,707.3,172.57,0.73842
2018-02-28 10:30:21.771926,8652.77,707.3,172.5,0.73842
2018-02-28 10:30:32.128496,8652.77,707.3,172.5,0.73842
2018-02-28 10:30:42.614902,8652.77,707.42,172.5,0.73842
2018-02-28 10:30:52.983109,8661.5,708.09,172.5,0.73842
2018-02-28 10:31:03.437487,8668.45,708.09,172.5,0.73842
2018-02-28 10:31:13.760217,8668.45,708.09,172.57,0.73842
2018-02-28 10:31:24.279616,8668.45,708.02,172.57,0.73842
2018-02-28 10:31:34.659417,8668.45,708.0,172.57,0.73842
2018-02-28 10:31:44.879777,8660.9,708.0,172.57,0.73832
2018-02-28 10:31:55.412881,8650.0,709.13,172.57,0.73832
2018-02-28 10:32:05.770699,8650.0,709.13,172.0,0.73832
2018-02-28 10:32:16.075413,8647.87,709.13,172.0,0.738
2018-02-28 10:32:26.543406,8648.7,709.13,171.8,0.738
2018-02-28 10:32:36.792259,8648.7,709.13,171.58,0.738
2018-02-28 10:32:47.048847,8648.7,709.13,171.55,0.738
2018-02-28 10:32:57.450646,8648.7,709.13,170.36,0.738
2018-02-28 10:33:07.834645,8642.6,708.02,170.99,0.738
2018-02-28 10:33:18.209618,8642.6,707.34,171.08,0.738
2018-02-28 10:33:28.541276,8630.1,707.32,171.06,0.738
2018-02-28 10:33:39.201166,8630.31,707.01,171.04,0.7375
2018-02-28 10:33:49.672310,8604.88,707.0,171.04,0.7375
2018-02-28 10:34:00.002751,8604.88,707.0,170.84,0.7375
2018-02-28 10:34:10.488296,8628.37,707.01,170.84,0.7375
2018-02-28 10:34:20.743743,8628.37,707.01,170.84,0.7375
2018-02-28 10:34:31.135650,8619.62,707.01,170.84,0.73706
2018-02-28 10:34:41.592076,8620.61,707.14,170.78,0.73706
2018-02-28 10:34:51.809068,8620.61,707.14,170.71,0.73706
2018-02-28 10:35:02.628083,8620.61,707.14,170.71,0.73706
2018-02-28 10:35:13.014589,8603.81,705.01,170.43,0.736
2018-02-28 10:35:23.407292,8603.81,704.67,170.43,0.736
2018-02-28 10:35:33.832963,8603.81,704.67,170.83,0.736
2018-02-28 10:35:44.246036,8601.06,704.67,170.73,0.73699
2018-02-28 10:35:54.567541,8601.06,704.67,170.41,0.73706
2018-02-28 10:36:04.968543,8601.06,704.67,170.41,0.734
2018-02-28 10:36:15.203652,8614.04,705.31,170.44,0.734
2018-02-28 10:36:25.633157,8614.04,704.67,170.44,0.734
2018-02-28 10:36:35.894209,8602.81,704.67,170.84,0.73426
2018-02-28 10:36:46.123670,8592.73,704.67,170.84,0.73706
2018-02-28 10:36:56.520608,8592.71,704.67,170.84,0.73706
2018-02-28 10:37:06.891752,8616.53,704.67,170.84,0.73706
2018-02-28 10:37:17.118787,8619.56,704.67,170.84,0.73439
2018-02-28 10:37:27.601756,8619.56,705.31,170.8,0.73439
2018-02-28 10:37:38.005678,8619.56,705.31,170.8,0.73439
2018-02-28 10:37:48.306330,8617.68,705.31,170.84,0.7345
2018-02-28 10:37:58.957969,8617.68,705.31,170.84,0.7345
2018-02-28 10:38:09.238997,8617.94,705.01,170.84,0.7345
2018-02-28 10:38:19.635395,8590.11,705.88,170.84,0.73456
2018-02-28 10:38:30.030918,8590.11,705.88,170.84,0.73456
2018-02-28 10:38:40.306588,8593.06,705.88,170.84,0.73457
2018-02-28 10:38:50.773965,8617.6,705.01,170.84,0.73457
2018-02-28 10:39:01.041449,8617.6,705.01,170.84,0.73462
2018-02-28 10:39:11.532922,8619.6,705.01,170.84,0.739
2018-02-28 10:39:21.812796,8619.6,704.93,170.84,0.739
2018-02-28 10:39:32.219737,8609.0,704.5,170.8,0.73859
2018-02-28 10:39:42.715780,8619.6,704.5,171.42,0.73601
2018-02-28 10:39:53.032565,8613.36,704.5,171.42,0.73601
2018-02-28 10:40:03.584437,8630.74,704.5,171.54,0.73603
2018-02-28 10:40:13.918921,8641.79,704.5,171.54,0.7361
2018-02-28 10:40:24.329060,8641.79,706.67,171.54,0.73859
2018-02-28 10:40:34.784881,8641.79,706.67,171.54,0.73859
2018-02-28 10:40:45.078419,8641.76,706.67,171.54,0.7361
2018-02-28 10:40:55.454932,8625.71,706.67,171.54,0.7361
2018-02-28 10:41:05.862535,8625.71,705.05,171.54,0.7361
2018-02-28 10:41:16.069078,8615.3,705.05,171.54,0.7361
2018-02-28 10:41:26.476666,8615.3,705.05,171.54,0.7361
2018-02-28 10:41:36.704757,8615.3,705.05,171.54,0.7361
2018-02-28 10:41:46.947396,8615.3,706.54,171.54,0.7361
2018-02-28 10:41:57.372005,8615.3,706.54,171.54,0.7361
2018-02-28 10:42:07.713948,8615.3,706.54,171.54,0.7361
2018-02-28 10:42:18.025885,8615.3,706.38,171.25,0.73859
2018-02-28 10:42:28.540796,8617.3,706.38,171.25,0.73859
2018-02-28 10:42:39.031175,8617.3,706.38,171.28,0.73859
2018-02-28 10:42:49.438748,8617.8,706.38,170.79,0.73859
2018-02-28 10:42:59.734556,8617.8,706.38,170.79,0.73859
2018-02-28 10:43:10.130371,8625.39,706.38,171.25,0.73735
2018-02-28 10:43:20.829748,8605.8,706.38,171.25,0.73735
2018-02-28 10:43:31.080293,8625.6,706.38,171.42,0.73735
2018-02-28 10:43:41.434684,8625.6,706.38,171.42,0.73735
2018-02-28 10:43:51.967848,8625.6,706.38,170.76,0.73735
2018-02-28 10:44:02.707008,8625.6,706.38,170.68,0.73735
2018-02-28 10:44:13.065314,8625.6,706.38,171.34,0.73859
2018-02-28 10:44:23.288018,8625.0,706.01,171.34,0.73859
2018-02-28 10:44:33.582268,8625.0,706.01,170.34,0.73859
2018-02-28 10:44:43.788609,8625.0,706.01,170.35,0.73859
2018-02-28 10:44:54.010801,8623.2,706.01,170.35,0.73859
2018-02-28 10:45:04.436293,8623.2,706.01,170.35,0.73859
2018-02-28 10:45:14.755345,8628.87,705.83,170.35,0.73859
2018-02-28 10:45:24.960693,8628.87,705.83,170.88,0.73859
2018-02-28 10:45:35.255918,8617.61,705.83,170.92,0.73859
2018-02-28 10:45:45.835729,8617.61,705.83,170.92,0.73859
2018-02-28 10:45:56.072702,8613.37,705.83,170.92,0.73859
2018-02-28 10:46:06.588800,8613.37,705.83,170.92,0.7385
2018-02-28 10:46:16.812722,8613.37,705.83,170.92,0.73857
2018-02-28 10:46:27.321791,8609.09,705.83,170.68,0.73857
2018-02-28 10:46:37.540776,8609.09,705.83,170.78,0.738
2018-02-28 10:46:47.856123,8609.09,705.83,170.78,0.73857
2018-02-28 10:46:58.200343,8609.09,705.83,170.66,0.73857
2018-02-28 10:47:08.610737,8626.23,705.9,170.67,0.73857
2018-02-28 10:47:18.824347,8641.22,705.88,170.89,0.73857
2018-02-28 10:47:29.047475,8653.49,705.88,170.89,0.73857
2018-02-28 10:47:39.464299,8654.72,704.58,170.89,0.73857
2018-02-28 10:47:49.781765,8633.11,704.58,170.89,0.73857
2018-02-28 10:48:00.102439,8633.11,704.58,171.04,0.73857
2018-02-28 10:48:10.591163,8632.5,706.9,171.04,0.73857
2018-02-28 10:48:20.929870,8632.7,706.92,171.04,0.73857
2018-02-28 10:48:31.275945,8632.7,706.92,171.04,0.73857
2018-02-28 10:48:41.692062,8632.7,706.92,171.04,0.73857
2018-02-28 10:48:52.024809,8643.4,706.92,171.0,0.7385
2018-02-28 10:49:02.537618,8629.78,706.92,171.0,0.7385
2018-02-28 10:49:12.756626,8653.59,706.92,171.0,0.7385
2018-02-28 10:49:23.060001,8653.59,706.92,171.0,0.7385
2018-02-28 10:49:33.485935,8638.2,706.92,171.03,0.7385
2018-02-28 10:49:43.840970,8641.8,706.92,171.04,0.7385
2018-02-28 10:49:54.172825,8642.81,705.23,171.04,0.7385
2018-02-28 10:50:04.502124,8669.76,705.24,171.04,0.7385
2018-02-28 10:50:14.885158,8669.76,707.94,171.04,0.7385
2018-02-28 10:50:25.086436,8669.76,707.94,171.04,0.7385
2018-02-28 10:50:35.319643,8669.76,707.94,171.25,0.7385
2018-02-28 10:50:45.556461,8638.07,707.94,171.25,0.7385
2018-02-28 10:50:55.787410,8639.0,707.94,171.25,0.73849
2018-02-28 10:51:05.995869,8668.46,707.94,171.25,0.73849
2018-02-28 10:51:16.389722,8668.46,707.94,171.25,0.73849
2018-02-28 10:51:26.688453,8638.07,707.16,171.25,0.73849
2018-02-28 10:51:36.980113,8634.4,707.16,171.47,0.73849
2018-02-28 10:51:47.179767,8634.4,706.75,171.45,0.73849
2018-02-28 10:51:57.763995,8640.05,706.75,171.45,0.73735
2018-02-28 10:52:08.057804,8659.36,705.28,170.87,0.73735
2018-02-28 10:52:18.704634,8662.68,705.28,170.87,0.73735
2018-02-28 10:52:28.912124,8662.0,705.31,171.39,0.73849
2018-02-28 10:52:39.212590,8667.15,705.31,171.39,0.74053
2018-02-28 10:52:49.520753,8644.42,705.31,171.39,0.74053
2018-02-28 10:52:59.828560,8644.42,708.02,171.39,0.74053
2018-02-28 10:53:10.068240,8650.0,708.02,171.49,0.74053
2018-02-28 10:53:20.270941,8650.0,708.02,171.49,0.739
2018-02-28 10:53:30.577498,8662.43,708.02,171.49,0.739
2018-02-28 10:53:40.801594,8662.43,708.02,171.53,0.739
2018-02-28 10:53:51.149817,8650.0,708.02,170.91,0.739
2018-02-28 10:54:01.520740,8659.27,708.02,170.91,0.739
2018-02-28 10:54:11.994122,8659.27,708.02,170.91,0.739
2018-02-28 10:54:22.811508,8659.27,708.02,170.91,0.7405
2018-02-28 10:54:33.286395,8650.0,708.02,171.54,0.7405
2018-02-28 10:54:43.599414,8650.0,708.02,171.55,0.7405
2018-02-28 10:54:53.836420,8661.87,708.02,171.55,0.7405
2018-02-28 10:55:04.040301,8650.0,708.02,171.55,0.739
2018-02-28 10:55:14.337284,8650.0,707.83,171.48,0.739
2018-02-28 10:55:24.774253,8650.0,707.83,171.55,0.739
2018-02-28 10:55:35.257505,8649.13,706.32,171.75,0.7405
2018-02-28 10:55:45.597141,8661.77,706.32,171.73,0.7405
2018-02-28 10:55:55.941346,8661.77,706.32,171.73,0.7405
2018-02-28 10:56:06.285902,8661.9,707.45,171.73,0.7405
2018-02-28 10:56:16.617652,8662.0,707.45,171.73,0.7405
2018-02-28 10:56:27.105086,8662.0,707.45,171.73,0.7405
2018-02-28 10:56:37.504928,8662.0,707.45,171.73,0.7405
2018-02-28 10:56:47.897059,8660.0,707.45,171.73,0.7405
2018-02-28 10:56:58.205012,8660.0,707.45,171.77,0.7405
2018-02-28 10:57:08.690161,8651.35,707.45,171.77,0.7405
2018-02-28 10:57:18.993867,8651.35,707.45,171.77,0.7405
2018-02-28 10:57:29.382094,8654.0,707.45,171.77,0.7405
2018-02-28 10:57:39.700143,8654.0,707.45,171.52,0.739
2018-02-28 10:57:49.978487,8654.0,707.45,171.52,0.739
2018-02-28 10:58:00.428210,8654.0,708.29,171.52,0.739
2018-02-28 10:58:10.839109,8662.0,708.29,171.79,0.738
2018-02-28 10:58:21.326523,8661.82,706.0,171.79,0.738
2018-02-28 10:58:32.105592,8661.82,706.0,171.8,0.738
2018-02-28 10:58:42.436648,8661.82,706.0,171.8,0.738
2018-02-28 10:58:52.746950,8662.0,705.7,171.8,0.738
2018-02-28 10:59:03.033913,8662.0,705.7,171.8,0.738
2018-02-28 10:59:13.460407,8651.21,707.88,171.8,0.738
2018-02-28 10:59:23.960205,8662.0,707.88,171.8,0.738
2018-02-28 10:59:34.418954,8662.0,707.88,171.8,0.738
2018-02-28 10:59:44.732319,8662.0,708.16,171.8,0.738
2018-02-28 10:59:54.970526,8651.8,705.7,171.8,0.738
2018-02-28 11:00:05.435493,8662.0,705.68,171.8,0.738
2018-02-28 11:00:16.028645,8662.0,708.13,171.8,0.73907
2018-02-28 11:00:26.550511,8665.8,708.13,171.8,0.73907
2018-02-28 11:00:36.841029,8664.59,708.13,171.8,0.74014
2018-02-28 11:00:47.053159,8664.49,708.13,171.8,0.74014
2018-02-28 11:00:57.238955,8642.4,708.13,171.8,0.74014
2018-02-28 11:01:07.643605,8642.4,708.13,171.8,0.74014
2018-02-28 11:01:18.018998,8656.5,708.13,171.63,0.7405
2018-02-28 11:01:28.322142,8656.5,708.13,171.64,0.7405
2018-02-28 11:01:38.723848,8656.5,708.14,171.63,0.738
2018-02-28 11:01:49.062546,8656.5,705.23,171.65,0.738
2018-02-28 11:01:59.453368,8642.13,708.0,171.63,0.738
2018-02-28 11:02:09.777770,8642.13,708.1,171.63,0.738
2018-02-28 11:02:20.077159,8657.2,708.1,171.63,0.738
2018-02-28 11:02:30.626953,8657.2,708.1,171.61,0.7381
2018-02-28 11:02:40.901390,8657.2,708.1,171.61,0.7381
2018-02-28 11:02:51.137164,8657.2,705.87,171.61,0.7381
2018-02-28 11:03:01.545476,8657.2,705.87,171.21,0.7381
2018-02-28 11:03:11.751924,8661.2,705.87,171.21,0.7381
2018-02-28 11:03:22.153041,8661.2,705.87,171.21,0.7381
2018-02-28 11:03:32.490336,8661.2,705.87,171.21,0.7381
2018-02-28 11:03:42.701286,8661.2,705.87,171.21,0.7381
2018-02-28 11:03:52.911202,8661.2,705.99,171.21,0.7381
2018-02-28 11:04:03.318324,8661.2,706.02,171.21,0.73803
2018-02-28 11:04:13.670233,8640.0,706.88,171.21,0.73803
2018-02-28 11:04:23.972166,8617.24,706.88,171.21,0.73803
2018-02-28 11:04:34.447507,8617.24,706.88,171.21,0.73803
2018-02-28 11:04:44.872296,8617.24,706.88,171.21,0.73803
2018-02-28 11:04:55.248965,8617.24,705.27,171.21,0.73803
2018-02-28 11:05:05.457414,8641.5,705.27,171.21,0.73803
2018-02-28 11:05:15.836744,8641.5,706.87,171.21,0.73803
2018-02-28 11:05:26.123495,8641.5,706.87,171.21,0.73803
2018-02-28 11:05:36.776297,8624.21,706.87,171.21,0.73803
2018-02-28 11:05:47.047831,8620.77,705.38,171.21,0.73
2018-02-28 11:05:57.321775,8626.05,705.52,171.21,0.73893
2018-02-28 11:06:07.752544,8600.54,705.26,171.41,0.73891
2018-02-28 11:06:18.028524,8626.0,705.26,171.41,0.73891
2018-02-28 11:06:28.407300,8618.1,705.26,171.41,0.73891
2018-02-28 11:06:38.923959,8618.1,705.26,171.41,0.73891
2018-02-28 11:06:49.334514,8618.12,706.81,171.41,0.73891
2018-02-28 11:06:59.633476,8618.12,706.81,171.41,0.73891
2018-02-28 11:07:09.836619,8604.43,706.81,171.07,0.73891
2018-02-28 11:07:20.053350,8604.43,706.81,171.28,0.73306
2018-02-28 11:07:30.349630,8617.93,706.81,171.07,0.73306
2018-02-28 11:07:40.586123,8617.93,706.4,171.07,0.73581
2018-02-28 11:07:50.820754,8600.86,706.4,171.15,0.73581
2018-02-28 11:08:01.115172,8600.86,706.4,171.15,0.73323
2018-02-28 11:08:11.621431,8605.04,705.26,171.0,0.73
2018-02-28 11:08:22.036700,8605.05,705.0,171.08,0.73
2018-02-28 11:08:32.465276,8608.59,704.15,171.08,0.7335
2018-02-28 11:08:42.884411,8608.59,704.15,171.08,0.7335
2018-02-28 11:08:53.350991,8608.59,704.15,171.08,0.73501
2018-02-28 11:09:03.699836,8612.1,704.15,171.08,0.73501
2018-02-28 11:09:13.957088,8612.1,704.15,171.08,0.73501
2018-02-28 11:09:24.543936,8612.12,704.15,171.08,0.73501
2018-02-28 11:09:34.832027,8612.12,704.15,170.19,0.73538
2018-02-28 11:09:45.040964,8628.53,704.15,170.19,0.73538
2018-02-28 11:09:55.509521,8628.19,704.15,170.19,0.73538
2018-02-28 11:10:05.744112,8628.19,704.15,170.19,0.73538
2018-02-28 11:10:15.967365,8612.17,705.6,170.19,0.73538
2018-02-28 11:10:26.532006,8612.17,705.6,170.19,0.73538
2018-02-28 11:10:37.058519,8612.17,705.6,170.22,0.73538
2018-02-28 11:10:47.653597,8612.17,705.6,170.22,0.73538
2018-02-28 11:10:58.147775,8622.3,705.6,170.22,0.73538
2018-02-28 11:11:08.489984,8646.8,705.6,170.99,0.73538
2018-02-28 11:11:19.034195,8659.8,706.87,171.0,0.73639
2018-02-28 11:11:29.350357,8659.8,706.87,171.0,0.73639
2018-02-28 11:11:39.738456,8659.8,706.87,171.0,0.73639
2018-02-28 11:11:50.172309,8639.46,706.87,170.99,0.73639
2018-02-28 11:12:00.554342,8639.46,706.87,170.99,0.73639
2018-02-28 11:12:10.863195,8639.46,706.87,170.99,0.73276
2018-02-28 11:12:21.129106,8639.46,706.54,170.88,0.73276
2018-02-28 11:12:31.792336,8644.99,706.51,170.88,0.734
2018-02-28 11:12:42.036821,8644.99,704.8,170.9,0.734
2018-02-28 11:12:52.429409,8644.99,704.8,170.9,0.734
2018-02-28 11:13:02.704787,8633.6,704.8,170.9,0.734
2018-02-28 11:13:12.908704,8648.29,704.85,170.9,0.73285
2018-02-28 11:13:23.317713,8635.71,704.85,170.9,0.73629
2018-02-28 11:13:33.620430,8635.71,704.85,170.9,0.73629
2018-02-28 11:13:44.120926,8635.71,704.98,170.91,0.73629
2018-02-28 11:13:54.585273,8635.71,704.98,170.91,0.73629
2018-02-28 11:14:04.887645,8633.6,704.98,170.91,0.73403
2018-02-28 11:14:15.274680,8633.6,704.98,170.45,0.73404
2018-02-28 11:14:25.468606,8633.6,704.98,170.91,0.73404
2018-02-28 11:14:35.854893,8633.6,704.98,170.91,0.73404
2018-02-28 11:14:46.080197,8633.6,704.98,171.0,0.73404
2018-02-28 11:14:56.375768,8633.6,704.98,171.0,0.73404
2018-02-28 11:15:06.754310,8660.65,704.98,171.0,0.73404
2018-02-28 11:15:17.092249,8645.0,706.82,171.0,0.73404
2018-02-28 11:15:27.278818,8662.97,706.82,171.0,0.73404
2018-02-28 11:15:37.852781,8662.33,706.82,171.0,0.73327
2018-02-28 11:15:48.145722,8662.33,706.89,171.49,0.73327
2018-02-28 11:15:58.457650,8662.33,706.89,171.49,0.73327
2018-02-28 11:16:08.700676,8669.22,706.89,171.7,0.73327
2018-02-28 11:16:19.060285,8669.22,706.88,171.65,0.73327
2018-02-28 11:16:29.449988,8662.33,706.88,171.65,0.73327
2018-02-28 11:16:39.874265,8669.91,706.89,171.65,0.73327
2018-02-28 11:16:50.180183,8657.53,706.89,171.65,0.73359
2018-02-28 11:17:00.579011,8657.53,706.89,171.65,0.73359
2018-02-28 11:17:10.808784,8666.67,706.89,171.65,0.73357
2018-02-28 11:17:21.016893,8666.69,706.89,171.65,0.73357
2018-02-28 11:17:31.244086,8666.69,706.89,171.65,0.73357
2018-02-28 11:17:41.569492,8666.69,706.89,171.65,0.7368
2018-02-28 11:17:51.871120,8666.69,706.89,171.65,0.7368
2018-02-28 11:18:02.394969,8669.68,706.89,171.7,0.7368
2018-02-28 11:18:12.725890,8669.3,706.89,171.57,0.7368
2018-02-28 11:18:23.007777,8666.61,706.0,171.57,0.73716
2018-02-28 11:18:33.619847,8647.33,706.0,171.57,0.73716
2018-02-28 11:18:44.032859,8647.33,706.0,171.57,0.73716
2018-02-28 11:18:54.346723,8647.33,706.0,171.57,0.73716
2018-02-28 11:19:04.757168,8668.9,706.0,171.57,0.73716
2018-02-28 11:19:15.165455,8668.89,706.0,171.75,0.73716
2018-02-28 11:19:25.701883,8668.89,706.89,171.87,0.73716
2018-02-28 11:19:36.235981,8657.7,706.89,171.87,0.73716
2018-02-28 11:19:46.618351,8657.71,706.89,171.87,0.738
2018-02-28 11:19:56.973073,8669.75,706.89,171.87,0.738
2018-02-28 11:20:07.571166,8669.9,706.89,171.74,0.73411
2018-02-28 11:20:18.138826,8600.01,706.89,171.74,0.7342
2018-02-28 11:20:28.622650,8600.01,706.89,171.74,0.73629
2018-02-28 11:20:38.836713,8600.01,705.61,171.8,0.73629
2018-02-28 11:20:49.242347,8656.51,705.61,171.8,0.73629
2018-02-28 11:20:59.901859,8656.51,705.61,171.68,0.73629
2018-02-28 11:21:10.206175,8662.08,705.61,171.68,0.73629
2018-02-28 11:21:20.493092,8662.08,705.61,172.0,0.73629
2018-02-28 11:21:30.920211,8662.15,705.61,171.72,0.73629
2018-02-28 11:21:41.317223,8662.15,705.61,171.73,0.73629
2018-02-28 11:21:51.788479,8662.15,705.61,171.73,0.73629
2018-02-28 11:22:02.410190,8662.15,705.61,171.73,0.73629
2018-02-28 11:22:12.782537,8648.2,705.61,171.73,0.738
2018-02-28 11:22:23.025994,8648.2,706.88,171.33,0.738
2018-02-28 11:22:33.488662,8648.2,706.88,171.33,0.738
2018-02-28 11:22:43.868910,8648.2,706.88,171.33,0.738
2018-02-28 11:22:54.189716,8665.58,706.88,171.33,0.738
2018-02-28 11:23:04.659056,8665.58,706.88,171.32,0.738
2018-02-28 11:23:14.984383,8665.58,706.88,171.32,0.74
2018-02-28 11:23:25.427245,8665.58,706.88,171.32,0.74
2018-02-28 11:23:35.885083,8649.4,708.82,171.98,0.74
2018-02-28 11:23:46.310072,8649.4,708.82,171.98,0.74
2018-02-28 11:23:56.696426,8649.4,708.82,171.47,0.74
2018-02-28 11:24:07.262002,8666.0,708.76,171.47,0.74
2018-02-28 11:24:17.503808,8652.31,708.73,171.47,0.74
2018-02-28 11:24:27.875345,8652.31,708.73,172.02,0.74
2018-02-28 11:24:38.272995,8652.31,708.73,172.0,0.74
2018-02-28 11:24:48.573372,8652.31,706.16,172.0,0.74
2018-02-28 11:24:59.103190,8665.55,706.16,172.0,0.73702
2018-02-28 11:25:09.515440,8666.0,706.16,172.0,0.73702
2018-02-28 11:25:19.819110,8666.0,706.16,171.56,0.73702
2018-02-28 11:25:30.334859,8666.0,706.16,172.15,0.73702
2018-02-28 11:25:40.759792,8666.0,706.16,172.15,0.74
2018-02-28 11:25:50.978640,8670.0,706.16,172.42,0.74
2018-02-28 11:26:01.643197,8670.0,706.16,172.42,0.74
2018-02-28 11:26:11.938169,8663.38,708.98,172.42,0.74
2018-02-28 11:26:22.310906,8663.38,708.98,172.42,0.74
2018-02-28 11:26:32.564490,8681.28,707.75,172.4,0.74
2018-02-28 11:26:42.860503,8681.28,707.75,172.4,0.74
2018-02-28 11:26:53.170720,8681.28,707.75,172.4,0.74
2018-02-28 11:27:03.499540,8680.75,707.75,172.4,0.7404
2018-02-28 11:27:13.836832,8680.45,707.75,172.4,0.7404
2018-02-28 11:27:24.058618,8669.86,709.87,172.4,0.73753
2018-02-28 11:27:34.371829,8669.67,709.87,171.76,0.73753
2018-02-28 11:27:44.738076,8669.67,709.48,171.76,0.73753
2018-02-28 11:27:55.106291,8669.38,709.48,171.76,0.73753
2018-02-28 11:28:05.501960,8676.86,709.48,171.76,0.73644
2018-02-28 11:28:15.987161,8659.89,707.17,171.76,0.73644
2018-02-28 11:28:26.401102,8663.87,707.17,171.76,0.73972
2018-02-28 11:28:36.725461,8679.0,707.17,171.76,0.73972
2018-02-28 11:28:47.024003,8679.0,707.17,171.76,0.73972
2018-02-28 11:28:57.340429,8679.0,707.17,171.76,0.73972
2018-02-28 11:29:07.787312,8678.0,707.17,171.76,0.73972
2018-02-28 11:29:18.305992,8678.0,707.17,171.76,0.73972
2018-02-28 11:29:28.659876,8678.0,707.17,171.76,0.73972
2018-02-28 11:29:38.971801,8680.0,708.0,172.4,0.73972
2018-02-28 11:29:49.389693,8680.0,708.0,172.4,0.73972
2018-02-28 11:29:59.729186,8667.7,708.0,172.4,0.73972
2018-02-28 11:30:10.122966,8680.08,708.0,172.4,0.73972
2018-02-28 11:30:20.400511,8680.08,708.0,172.4,0.73972
2018-02-28 11:30:30.779694,8680.08,708.0,172.35,0.73972
2018-02-28 11:30:41.330103,8667.79,708.0,172.35,0.7398
2018-02-28 11:30:51.657626,8667.79,708.0,172.35,0.7398
2018-02-28 11:31:01.880177,8667.83,708.0,172.35,0.7398
2018-02-28 11:31:12.315407,8667.83,708.0,172.35,0.7398
2018-02-28 11:31:22.739027,8667.84,708.0,172.35,0.7404
2018-02-28 11:31:32.959341,8680.0,707.67,172.35,0.7404
2018-02-28 11:31:43.457169,8680.0,707.67,172.35,0.7404
2018-02-28 11:31:53.734835,8668.4,707.84,172.35,0.7404
2018-02-28 11:32:03.969778,8687.0,707.84,172.01,0.7404
2018-02-28 11:32:14.262269,8694.2,708.99,172.41,0.7404
2018-02-28 11:32:24.563231,8682.61,708.99,172.41,0.74
2018-02-28 11:32:34.766212,8682.61,708.99,172.53,0.74
2018-02-28 11:32:45.181966,8675.2,708.99,172.53,0.74
2018-02-28 11:32:55.482781,8675.2,708.99,172.53,0.74
2018-02-28 11:33:05.781134,8694.97,708.99,172.53,0.74448
2018-02-28 11:33:16.098941,8693.6,710.0,172.53,0.74448
2018-02-28 11:33:26.500152,8693.0,710.0,172.53,0.74448
2018-02-28 11:33:36.979722,8693.0,710.0,172.53,0.74448
2018-02-28 11:33:47.413566,8693.0,708.56,172.53,0.74448
2018-02-28 11:33:57.903778,8694.95,708.7,172.53,0.74448
2018-02-28 11:34:08.394251,8694.97,708.7,172.53,0.74448
2018-02-28 11:34:18.982992,8694.97,709.94,172.53,0.74216
2018-02-28 11:34:29.448355,8680.71,709.94,172.53,0.74216
2018-02-28 11:34:39.648507,8680.71,710.0,172.53,0.74216
2018-02-28 11:34:49.865971,8680.71,710.0,172.53,0.74216
2018-02-28 11:35:00.065368,8681.0,710.0,172.53,0.74216
2018-02-28 11:35:10.460562,8681.0,710.0,172.53,0.74216
2018-02-28 11:35:20.797649,8681.0,709.98,172.53,0.74385
2018-02-28 11:35:31.089265,8681.0,709.98,172.53,0.74385
2018-02-28 11:35:41.331302,8681.0,709.98,172.53,0.74385
2018-02-28 11:35:51.917558,8681.0,709.98,172.23,0.74328
2018-02-28 11:36:02.247735,8695.11,709.98,172.23,0.74328
2018-02-28 11:36:12.648419,8700.0,709.98,172.23,0.74328
2018-02-28 11:36:22.929853,8693.3,710.0,172.23,0.74328
2018-02-28 11:36:33.114151,8685.83,710.0,172.53,0.74328
2018-02-28 11:36:43.492694,8685.83,710.0,172.53,0.74328
2018-02-28 11:36:53.900237,8685.83,710.0,172.53,0.74333
2018-02-28 11:37:04.074076,8680.0,710.0,172.49,0.74333
2018-02-28 11:37:14.369740,8680.0,709.94,172.49,0.74399
2018-02-28 11:37:24.671393,8680.0,709.94,172.49,0.74399
2018-02-28 11:37:34.924201,8680.0,708.8,172.49,0.74399
2018-02-28 11:37:45.316560,8680.0,708.8,172.49,0.74399
2018-02-28 11:37:55.581603,8680.0,708.8,172.49,0.74399
2018-02-28 11:38:05.894651,8680.0,708.8,172.49,0.74386
2018-02-28 11:38:16.130685,8695.4,709.87,172.49,0.74056
2018-02-28 11:38:26.619836,8687.0,709.87,172.49,0.74056
2018-02-28 11:38:36.907348,8703.2,709.87,172.49,0.74056
2018-02-28 11:38:47.199592,8703.2,709.87,172.49,0.74056
2018-02-28 11:38:57.676266,8703.2,709.87,172.05,0.74056
2018-02-28 11:39:07.896833,8681.33,709.82,171.63,0.74056
2018-02-28 11:39:18.090106,8681.33,709.87,171.65,0.74056
2018-02-28 11:39:28.490302,8681.33,708.5,171.65,0.7438
2018-02-28 11:39:38.703566,8681.33,708.5,171.65,0.7438
2018-02-28 11:39:49.037607,8681.33,708.5,171.65,0.7438
2018-02-28 11:39:59.539949,8687.0,708.5,171.65,0.7438
2018-02-28 11:40:09.747037,8681.33,708.5,171.65,0.7438
2018-02-28 11:40:20.045635,8686.4,708.5,171.65,0.744
2018-02-28 11:40:30.426083,8681.34,708.5,171.65,0.744
2018-02-28 11:40:40.806261,8678.0,708.5,171.65,0.744
2018-02-28 11:40:51.094231,8670.0,708.5,172.01,0.744
2018-02-28 11:41:01.409234,8670.0,709.42,172.01,0.744
2018-02-28 11:41:11.921035,8678.72,709.42,172.01,0.74417
2018-02-28 11:41:22.207228,8678.72,709.88,172.01,0.74417
2018-02-28 11:41:32.812222,8678.72,707.08,172.01,0.74417
2018-02-28 11:41:43.097466,8678.72,707.08,172.11,0.74417
2018-02-28 11:41:53.488437,8670.0,707.13,172.11,0.74417
2018-02-28 11:42:03.896486,8678.2,709.5,172.11,0.74381
2018-02-28 11:42:14.325076,8678.2,709.5,172.11,0.74381
2018-02-28 11:42:24.714466,8678.2,709.5,172.11,0.74381
2018-02-28 11:42:34.992398,8686.4,709.5,172.06,0.74381
2018-02-28 11:42:45.482459,8686.4,709.39,172.06,0.74381
2018-02-28 11:42:55.746833,8686.4,709.39,172.06,0.74424
2018-02-28 11:43:06.146808,8686.4,707.23,172.06,0.74424
2018-02-28 11:43:16.437883,8686.4,709.62,172.06,0.74424
2018-02-28 11:43:26.730754,8686.4,709.62,172.06,0.74365
2018-02-28 11:43:37.133844,8686.4,709.73,172.01,0.74365
2018-02-28 11:43:47.420695,8670.6,709.76,172.01,0.74365
2018-02-28 11:43:57.719908,8686.7,709.76,171.65,0.74323
2018-02-28 11:44:08.036758,8666.8,709.76,171.65,0.74323
2018-02-28 11:44:18.555617,8666.8,707.63,171.65,0.74323
2018-02-28 11:44:29.045801,8666.8,707.63,171.65,0.74323
2018-02-28 11:44:39.660014,8666.8,707.69,171.65,0.74323
2018-02-28 11:44:49.972538,8686.6,707.69,171.65,0.74323
2018-02-28 11:45:00.351557,8675.0,707.69,171.65,0.74323
2018-02-28 11:45:10.648191,8678.1,707.69,171.65,0.74323
2018-02-28 11:45:20.980393,8678.1,707.69,171.65,0.74323
2018-02-28 11:45:31.638090,8678.08,707.69,171.65,0.74323
2018-02-28 11:45:41.947011,8660.01,707.69,171.65,0.74323
2018-02-28 11:45:52.392553,8661.88,707.69,171.65,0.74323
2018-02-28 11:46:02.681163,8661.4,707.69,171.65,0.74127
2018-02-28 11:46:13.099548,8660.97,707.69,171.65,0.74127
2018-02-28 11:46:23.844417,8660.97,707.69,171.65,0.74127
2018-02-28 11:46:34.303362,8660.97,707.69,171.65,0.74127
2018-02-28 11:46:44.748518,8660.97,707.69,171.65,0.74127
2018-02-28 11:46:54.986871,8661.0,707.69,171.65,0.74127
2018-02-28 11:47:05.636767,8661.0,707.06,171.65,0.74127
2018-02-28 11:47:15.963081,8673.5,707.06,171.99,0.7406
2018-02-28 11:47:26.377773,8673.5,707.06,171.42,0.7406
2018-02-28 11:47:36.583987,8673.5,707.06,171.42,0.7406
2018-02-28 11:47:46.961390,8659.81,707.06,171.42,0.7406
2018-02-28 11:47:57.171651,8659.81,707.06,171.42,0.7406
2018-02-28 11:48:07.875276,8674.7,709.18,171.42,0.7406
2018-02-28 11:48:18.073060,8674.7,709.18,171.42,0.74052
2018-02-28 11:48:28.428833,8674.7,709.18,171.42,0.74052
2018-02-28 11:48:38.637358,8674.7,709.18,171.94,0.74052
2018-02-28 11:48:49.035890,8677.32,709.18,171.48,0.74064
2018-02-28 11:48:59.380736,8677.32,709.18,171.48,0.742
2018-02-28 11:49:09.788551,8675.0,709.18,171.48,0.7406
2018-02-28 11:49:20.111485,8670.0,709.18,171.48,0.7406
2018-02-28 11:49:30.416318,8670.0,709.38,171.48,0.7406
2018-02-28 11:49:40.628822,8670.0,709.38,171.48,0.7406
2018-02-28 11:49:51.099607,8660.0,709.38,171.98,0.7406
2018-02-28 11:50:01.546733,8660.0,709.38,171.98,0.7406
2018-02-28 11:50:11.943162,8670.4,709.38,171.98,0.7406
2018-02-28 11:50:22.627421,8670.4,709.38,171.25,0.74
2018-02-28 11:50:33.009173,8661.67,709.38,171.25,0.74
2018-02-28 11:50:43.333974,8661.67,709.38,171.29,0.74
2018-02-28 11:50:53.557018,8661.67,709.38,171.29,0.74109
2018-02-28 11:51:03.786629,8677.8,709.69,171.29,0.73732
2018-02-28 11:51:14.175753,8678.4,707.62,171.41,0.73732
2018-02-28 11:51:24.550533,8650.12,707.62,171.41,0.73732
2018-02-28 11:51:34.884440,8643.0,707.62,171.41,0.73732
2018-02-28 11:51:45.113883,8643.0,707.62,171.41,0.73732
2018-02-28 11:51:55.600662,8643.0,708.7,171.41,0.73732
2018-02-28 11:52:06.076600,8642.8,708.7,171.31,0.73732
2018-02-28 11:52:16.497577,8630.0,708.55,171.31,0.73732
2018-02-28 11:52:26.772407,8644.72,708.55,171.39,0.73732
2018-02-28 11:52:37.102229,8661.13,707.02,171.39,0.739
2018-02-28 11:52:47.615959,8661.13,707.02,171.39,0.739
2018-02-28 11:52:57.833109,8661.13,707.02,171.47,0.739
2018-02-28 11:53:08.084549,8657.39,707.02,171.47,0.739
2018-02-28 11:53:18.410128,8637.7,707.02,171.47,0.739
2018-02-28 11:53:29.566693,8637.7,707.02,171.42,0.739
2018-02-28 11:53:39.804012,8637.7,707.02,171.42,0.739
2018-02-28 11:53:50.147088,8637.7,707.02,171.42,0.739
2018-02-28 11:54:00.516682,8642.81,707.02,171.42,0.739
2018-02-28 11:54:10.853720,8660.73,707.02,171.42,0.739
2018-02-28 11:54:21.052457,8660.9,707.02,171.42,0.74
2018-02-28 11:54:31.334778,8660.9,707.02,171.42,0.74
2018-02-28 11:54:41.579599,8660.9,707.02,171.42,0.74
2018-02-28 11:54:51.785030,8660.9,707.02,171.48,0.74
2018-02-28 11:55:02.111692,8660.9,707.02,171.48,0.74
2018-02-28 11:55:12.428709,8636.41,708.25,171.45,0.74
2018-02-28 11:55:22.788940,8636.41,708.25,171.45,0.742
2018-02-28 11:55:33.018432,8636.41,708.88,171.45,0.742
2018-02-28 11:55:43.511448,8644.21,708.88,171.45,0.742
2018-02-28 11:55:53.833778,8644.44,708.88,171.45,0.742
2018-02-28 11:56:04.087626,8644.44,708.88,171.45,0.742
2018-02-28 11:56:14.367652,8659.89,708.75,171.45,0.742
2018-02-28 11:56:24.730927,8659.89,708.75,171.45,0.742
2018-02-28 11:56:35.032488,8660.8,708.75,171.45,0.742
2018-02-28 11:56:45.505318,8646.0,708.75,171.45,0.742
2018-02-28 11:56:55.803780,8646.0,708.75,171.45,0.74037
2018-02-28 11:57:06.234018,8631.7,708.75,171.45,0.74037
2018-02-28 11:57:16.650011,8623.29,707.05,171.32,0.74037
2018-02-28 11:57:26.876298,8641.69,708.74,171.32,0.74037
2018-02-28 11:57:37.195735,8641.69,708.74,171.28,0.74037
2018-02-28 11:57:47.518069,8641.69,707.02,171.28,0.74037
2018-02-28 11:57:57.714966,8652.66,707.02,171.28,0.74037
2018-02-28 11:58:08.019920,8652.66,707.02,171.28,0.74037
2018-02-28 11:58:18.493251,8652.66,707.02,171.28,0.74037
2018-02-28 11:58:29.054184,8652.66,708.78,171.28,0.74037
2018-02-28 11:58:39.368821,8652.66,707.03,171.28,0.74037
2018-02-28 11:58:49.732835,8652.66,707.03,171.28,0.74037
2018-02-28 11:58:59.938216,8652.66,707.06,171.52,0.74037
2018-02-28 11:59:10.244833,8660.8,705.16,171.52,0.74037
2018-02-28 11:59:20.474390,8660.8,705.16,171.52,0.73931
2018-02-28 11:59:30.882308,8652.66,708.22,171.52,0.73931
2018-02-28 11:59:41.222344,8652.66,708.22,171.52,0.73931
2018-02-28 11:59:51.618119,8652.66,708.22,171.48,0.73931
2018-02-28 12:00:02.001894,8652.66,708.22,171.48,0.73931
2018-02-28 12:00:12.336514,8626.6,708.22,171.48,0.73931
2018-02-28 12:00:22.757192,8632.03,708.22,171.48,0.73931
2018-02-28 12:00:33.107275,8632.03,708.22,171.48,0.73931
2018-02-28 12:00:43.402295,8632.03,708.22,171.42,0.73766
2018-02-28 12:00:53.641551,8651.7,708.22,171.52,0.73766
2018-02-28 12:01:03.871680,8637.02,708.22,171.41,0.73766
2018-02-28 12:01:14.310293,8639.63,707.45,171.41,0.73766
2018-02-28 12:01:24.726742,8639.63,707.45,171.41,0.73925
2018-02-28 12:01:34.964091,8639.63,707.35,171.41,0.73925
2018-02-28 12:01:45.552536,8639.63,707.35,171.41,0.73925
2018-02-28 12:01:55.793516,8666.82,707.35,171.41,0.73925
2018-02-28 12:02:06.116938,8651.51,707.35,171.38,0.73925
2018-02-28 12:02:16.448050,8651.51,708.57,171.38,0.7382
2018-02-28 12:02:26.764985,8669.58,708.57,171.38,0.7382
2018-02-28 12:02:36.993330,8651.81,708.57,170.88,0.7382
2018-02-28 12:02:47.393392,8651.81,708.57,171.42,0.7382
2018-02-28 12:02:58.052327,8668.0,708.57,171.42,0.7382
2018-02-28 12:03:08.264615,8667.3,708.57,171.42,0.73774
2018-02-28 12:03:18.668241,8667.3,708.57,171.42,0.73774
2018-02-28 12:03:29.053879,8670.16,708.57,171.42,0.73774
2018-02-28 12:03:39.364545,8670.16,708.57,171.42,0.73737
2018-02-28 12:03:49.850207,8670.16,707.56,171.42,0.73931
2018-02-28 12:04:00.166193,8657.73,705.79,171.42,0.73931
2018-02-28 12:04:10.536932,8659.58,705.79,171.42,0.73931
2018-02-28 12:04:20.765790,8676.9,705.79,171.42,0.73931
2018-02-28 12:04:30.983727,8676.9,708.48,170.82,0.73931
2018-02-28 12:04:41.420132,8676.9,708.48,170.72,0.73931
2018-02-28 12:04:52.000366,8678.0,708.85,170.72,0.73931
2018-02-28 12:05:02.649004,8687.07,708.8,170.72,0.73931
2018-02-28 12:05:12.991190,8687.07,708.79,170.72,0.73931
2018-02-28 12:05:23.261615,8687.07,708.88,170.72,0.73931
2018-02-28 12:05:33.646947,8687.07,708.88,170.72,0.73931
2018-02-28 12:05:44.027673,8687.07,708.88,170.72,0.73931
2018-02-28 12:05:54.595286,8687.07,708.74,171.12,0.73931
2018-02-28 12:06:04.878105,8686.58,708.74,171.12,0.73931
2018-02-28 12:06:15.142550,8687.19,708.74,171.12,0.73931
2018-02-28 12:06:25.371641,8687.19,708.74,171.12,0.73931
2018-02-28 12:06:35.671977,8687.19,708.74,171.12,0.73931
2018-02-28 12:06:45.989124,8687.19,708.74,171.12,0.73931
2018-02-28 12:06:56.308635,8667.81,708.74,171.12,0.74066
2018-02-28 12:07:06.682910,8667.81,708.74,171.12,0.74066
2018-02-28 12:07:17.037893,8667.81,708.74,171.12,0.74066
2018-02-28 12:07:27.471297,8679.09,708.74,171.5,0.74066
2018-02-28 12:07:37.668948,8679.09,708.74,171.5,0.74066
2018-02-28 12:07:47.904621,8679.09,708.74,171.5,0.74066
2018-02-28 12:07:58.132528,8670.27,708.74,171.5,0.74066
2018-02-28 12:08:08.452962,8670.3,708.74,171.5,0.74066
2018-02-28 12:08:18.744764,8670.3,708.74,171.5,0.74066
2018-02-28 12:08:29.171434,8656.27,708.74,171.5,0.74066
2018-02-28 12:08:39.574835,8656.27,708.29,171.5,0.74066
2018-02-28 12:08:49.938685,8656.27,708.29,171.5,0.74066
2018-02-28 12:09:00.148654,8670.27,708.29,171.5,0.74066
2018-02-28 12:09:10.487135,8656.94,708.29,171.5,0.74066
2018-02-28 12:09:20.690524,8655.1,708.29,171.5,0.74066
2018-02-28 12:09:30.997920,8670.26,708.29,171.5,0.74066
2018-02-28 12:09:41.583460,8670.26,708.29,171.52,0.74066
2018-02-28 12:09:51.997462,8670.26,705.82,171.52,0.74066
2018-02-28 12:10:02.426139,8670.04,705.82,171.98,0.74066
2018-02-28 12:10:12.929376,8670.27,705.82,171.98,0.74066
2018-02-28 12:10:23.264380,8670.24,705.82,171.98,0.74066
2018-02-28 12:10:33.648772,8670.24,705.82,171.98,0.74066
2018-02-28 12:10:43.850897,8670.24,705.82,171.98,0.74066
2018-02-28 12:10:54.051967,8670.24,706.06,171.42,0.74066
2018-02-28 12:11:04.431707,8670.24,707.77,171.42,0.74066
2018-02-28 12:11:14.763452,8670.27,707.77,171.42,0.74066
2018-02-28 12:11:25.016614,8670.27,709.01,171.42,0.74066
2018-02-28 12:11:35.730085,8679.99,706.31,171.42,0.74066
2018-02-28 12:11:46.076718,8679.99,706.31,171.42,0.74066
2018-02-28 12:11:56.457061,8679.99,706.31,171.88,0.74066
2018-02-28 12:12:06.772587,8666.53,706.31,171.88,0.74047
2018-02-28 12:12:17.336177,8666.53,706.31,171.88,0.74047
2018-02-28 12:12:27.769022,8678.28,706.31,172.08,0.74047
2018-02-28 12:12:38.391999,8659.55,706.31,172.08,0.74047
2018-02-28 12:12:48.801120,8659.55,706.31,172.08,0.74047
2018-02-28 12:12:59.111331,8677.89,709.04,171.88,0.74047
2018-02-28 12:13:09.524735,8677.49,705.93,171.88,0.74023
2018-02-28 12:13:19.964272,8677.49,705.93,172.02,0.74023
2018-02-28 12:13:30.315527,8663.9,705.93,172.02,0.74023
2018-02-28 12:13:40.605352,8663.9,705.93,171.98,0.74023
2018-02-28 12:13:50.839009,8663.9,706.07,172.17,0.74023
2018-02-28 12:14:01.349916,8657.19,706.07,172.17,0.74023
2018-02-28 12:14:11.865369,8677.82,706.07,171.91,0.74023
2018-02-28 12:14:22.113763,8655.11,706.07,171.91,0.74193
2018-02-28 12:14:32.542419,8655.1,706.07,172.02,0.74193
2018-02-28 12:14:43.099980,8655.0,706.07,172.02,0.7402
2018-02-28 12:14:53.602507,8641.83,708.78,172.02,0.7402
2018-02-28 12:15:04.072756,8643.0,706.27,171.3,0.7402
2018-02-28 12:15:14.473966,8637.65,706.27,171.73,0.73766
2018-02-28 12:15:25.078604,8623.28,706.27,171.73,0.73766
2018-02-28 12:15:35.475520,8623.4,706.27,171.73,0.73766
2018-02-28 12:15:45.775895,8633.12,706.27,171.4,0.73766
2018-02-28 12:15:55.982239,8633.12,706.08,171.4,0.7376
2018-02-28 12:16:06.296899,8645.59,707.61,171.4,0.7376
2018-02-28 12:16:16.736496,8654.39,707.61,171.3,0.74139
2018-02-28 12:16:27.074468,8654.39,707.61,171.3,0.74139
2018-02-28 12:16:37.649763,8654.39,707.61,171.3,0.74139
2018-02-28 12:16:48.150618,8654.22,707.61,170.91,0.74139
2018-02-28 12:16:58.531489,8633.38,707.61,171.4,0.74095
2018-02-28 12:17:08.970819,8632.4,707.61,171.4,0.74095
2018-02-28 12:17:19.252516,8653.77,707.61,171.4,0.74095
2018-02-28 12:17:29.569428,8653.77,707.61,171.4,0.74095
2018-02-28 12:17:39.795502,8632.51,707.61,171.4,0.74095
2018-02-28 12:17:50.311415,8627.0,707.61,170.92,0.74095
2018-02-28 12:18:00.550063,8654.1,707.61,170.92,0.74095
2018-02-28 12:18:10.960483,8655.4,707.66,171.46,0.74095
2018-02-28 12:18:21.502766,8634.4,707.66,171.46,0.74095
2018-02-28 12:18:31.891963,8630.0,707.66,171.46,0.74095
2018-02-28 12:18:42.283699,8630.0,707.66,171.46,0.74095
2018-02-28 12:18:52.766788,8630.0,706.08,171.46,0.74095
2018-02-28 12:19:03.001842,8630.0,706.08,171.46,0.74095
2018-02-28 12:19:13.625430,8630.0,707.31,171.46,0.74095
2018-02-28 12:19:23.862950,8630.0,707.31,171.46,0.74095
2018-02-28 12:19:34.108578,8630.0,707.31,171.46,0.74095
2018-02-28 12:19:44.724068,8630.0,707.31,171.12,0.74095
2018-02-28 12:19:55.106452,8634.17,707.03,171.12,0.738
2018-02-28 12:20:05.728643,8634.17,707.03,171.12,0.737
2018-02-28 12:20:15.999061,8640.71,707.06,171.34,0.737
2018-02-28 12:20:26.378768,8640.71,707.06,171.34,0.737
2018-02-28 12:20:36.758616,8640.71,706.56,171.34,0.737
2018-02-28 12:20:47.096679,8640.71,706.56,171.25,0.7385
2018-02-28 12:20:57.454892,8640.71,706.56,171.25,0.7385
2018-02-28 12:21:07.671405,8641.0,706.56,170.75,0.7385
2018-02-28 12:21:17.991927,8641.0,706.56,170.75,0.7385
2018-02-28 12:21:28.507994,8642.72,706.56,171.04,0.7385
2018-02-28 12:21:38.745990,8642.72,706.56,171.04,0.7385
2018-02-28 12:21:49.123632,8642.72,706.56,171.04,0.7385
2018-02-28 12:21:59.521369,8658.82,706.56,171.3,0.7365
2018-02-28 12:22:09.949521,8660.3,707.93,171.3,0.7365
2018-02-28 12:22:20.283294,8660.3,706.35,171.16,0.73551
2018-02-28 12:22:30.544019,8660.3,707.93,171.16,0.73932
2018-02-28 12:22:40.859170,8660.3,707.93,171.16,0.73926
2018-02-28 12:22:51.074757,8654.3,707.93,171.29,0.73926
2018-02-28 12:23:01.506830,8654.3,707.93,171.26,0.73916
2018-02-28 12:23:11.804222,8641.0,707.93,170.47,0.73916
2018-02-28 12:23:22.215814,8641.0,707.93,170.47,0.73916
2018-02-28 12:23:32.731586,8641.1,707.93,170.47,0.73916
2018-02-28 12:23:43.031703,8661.0,707.93,170.47,0.73916
2018-02-28 12:23:53.356205,8661.0,707.93,170.47,0.73916
2018-02-28 12:24:03.597600,8662.0,707.01,170.47,0.73916
2018-02-28 12:24:13.906783,8662.0,707.01,170.47,0.73916
2018-02-28 12:24:24.324982,8662.0,707.01,171.07,0.73916
2018-02-28 12:24:34.811657,8661.18,707.01,171.04,0.73916
2018-02-28 12:24:45.126647,8661.18,707.97,171.02,0.73916
2018-02-28 12:24:55.624631,8661.2,707.97,171.02,0.73916
2018-02-28 12:25:06.052094,8661.2,707.97,170.89,0.73916
2018-02-28 12:25:16.604459,8661.2,708.78,170.73,0.73916
2018-02-28 12:25:26.835508,8662.0,708.78,170.89,0.73996
2018-02-28 12:25:37.355885,8662.0,708.78,170.86,0.73996
2018-02-28 12:25:47.673150,8662.0,707.0,170.86,0.73996
2018-02-28 12:25:58.019896,8662.0,707.12,170.86,0.73996
2018-02-28 12:26:08.287998,8661.81,707.12,170.88,0.73996
2018-02-28 12:26:18.685857,8661.81,707.12,170.88,0.73996
2018-02-28 12:26:29.026794,8661.7,707.12,170.88,0.73996
2018-02-28 12:26:39.442863,8644.41,707.05,170.88,0.7395
2018-02-28 12:26:49.764991,8644.41,707.05,170.89,0.7395
2018-02-28 12:27:00.151922,8644.41,707.05,170.88,0.7395
2018-02-28 12:27:10.629899,8641.45,707.05,170.84,0.7395
2018-02-28 12:27:20.865620,8644.77,708.9,170.84,0.7395
2018-02-28 12:27:31.086036,8641.45,707.05,170.84,0.7395
2018-02-28 12:27:41.577945,8641.45,707.05,170.84,0.73899
2018-02-28 12:27:51.846854,8641.45,708.75,170.84,0.73899
2018-02-28 12:28:02.067180,8660.5,708.75,170.27,0.73899
2018-02-28 12:28:12.354813,8660.13,708.75,170.27,0.73899
2018-02-28 12:28:22.879846,8660.13,708.75,170.27,0.73899
2018-02-28 12:28:33.090965,8660.13,708.75,170.27,0.73899
2018-02-28 12:28:43.306379,8641.0,708.75,170.55,0.738
2018-02-28 12:28:53.545793,8638.19,708.75,170.55,0.738
2018-02-28 12:29:03.896553,8635.42,708.75,170.38,0.738
2018-02-28 12:29:14.461212,8623.31,707.02,170.36,0.738
2018-02-28 12:29:24.750539,8617.89,706.08,170.22,0.738
2018-02-28 12:29:35.080472,8618.68,705.52,170.22,0.737
2018-02-28 12:29:45.289201,8617.9,705.52,170.01,0.73777
2018-02-28 12:29:55.519611,8610.0,702.61,170.0,0.73777
2018-02-28 12:30:05.781224,8612.6,706.13,170.0,0.7345
2018-02-28 12:30:16.189890,8616.4,706.07,169.91,0.7341
2018-02-28 12:30:26.452177,8600.0,702.65,170.01,0.7337
2018-02-28 12:30:36.777827,8600.0,702.65,169.38,0.7337
2018-02-28 12:30:47.066843,8589.52,702.65,169.22,0.7337
2018-02-28 12:30:57.345117,8585.32,704.61,169.22,0.7337
2018-02-28 12:31:07.741993,8580.01,702.0,169.22,0.7338
2018-02-28 12:31:18.072463,8560.63,701.14,169.22,0.7361
2018-02-28 12:31:28.558925,8567.67,701.14,169.2,0.73608
2018-02-28 12:31:38.887981,8567.67,703.86,169.2,0.73355
2018-02-28 12:31:49.185728,8567.67,703.86,169.2,0.73355
2018-02-28 12:31:59.401805,8599.9,703.86,169.21,0.734
2018-02-28 12:32:09.630162,8599.9,703.86,169.21,0.734
2018-02-28 12:32:19.845693,8577.61,701.2,169.69,0.734
2018-02-28 12:32:30.065460,8581.13,701.2,169.03,0.734
2018-02-28 12:32:40.531100,8599.78,701.2,169.03,0.73529
2018-02-28 12:32:50.939134,8577.71,701.2,169.03,0.73529
2018-02-28 12:33:01.420755,8582.11,704.06,169.03,0.73529
2018-02-28 12:33:11.915031,8582.11,704.06,169.03,0.73529
2018-02-28 12:33:22.215776,8582.11,704.06,169.03,0.7353
2018-02-28 12:33:32.539018,8596.15,701.4,169.03,0.73525
2018-02-28 12:33:42.773004,8575.17,701.4,169.03,0.73355
2018-02-28 12:33:53.159452,8575.17,701.4,169.03,0.73355
2018-02-28 12:34:03.669173,8595.67,701.4,169.03,0.73355
2018-02-28 12:34:13.978876,8575.17,701.43,169.03,0.734
2018-02-28 12:34:24.427974,8595.09,703.14,169.03,0.733
2018-02-28 12:34:34.762798,8595.09,703.14,169.03,0.733
2018-02-28 12:34:45.005588,8595.09,703.14,169.03,0.73397
2018-02-28 12:34:55.339492,8595.09,703.14,169.41,0.73301
2018-02-28 12:35:05.884496,8577.0,701.68,169.41,0.73301
2018-02-28 12:35:16.407272,8592.2,701.68,169.0,0.733
2018-02-28 12:35:26.776446,8592.1,702.97,168.99,0.733
2018-02-28 12:35:36.996039,8594.7,702.97,168.99,0.733
2018-02-28 12:35:47.531693,8578.86,702.97,168.99,0.733
2018-02-28 12:35:57.843716,8578.86,702.97,169.0,0.7355
2018-02-28 12:36:08.350558,8592.78,702.61,169.0,0.73543
2018-02-28 12:36:18.772910,8593.03,702.58,169.0,0.73535
2018-02-28 12:36:29.189304,8593.03,702.58,169.0,0.73519
2018-02-28 12:36:39.587586,8593.03,701.57,168.77,0.73519
2018-02-28 12:36:49.915988,8593.03,701.45,168.77,0.73519
2018-02-28 12:37:00.244323,8593.03,702.55,168.77,0.7349
2018-02-28 12:37:10.490612,8593.03,701.6,168.77,0.7349
2018-02-28 12:37:20.723674,8580.1,703.22,168.77,0.7349
2018-02-28 12:37:30.951043,8591.5,703.22,168.77,0.7349
2018-02-28 12:37:41.350198,8589.69,703.22,169.04,0.7349
2018-02-28 12:37:51.566697,8589.69,703.22,169.04,0.73258
2018-02-28 12:38:01.844909,8580.62,701.4,168.83,0.73257
2018-02-28 12:38:12.170767,8575.0,701.14,168.73,0.73257
2018-02-28 12:38:22.616880,8553.35,701.12,168.73,0.73257
2018-02-28 12:38:32.965486,8548.18,702.52,168.69,0.7317
2018-02-28 12:38:43.404398,8538.02,701.1,168.69,0.731
2018-02-28 12:38:53.649572,8537.8,700.15,168.56,0.731
2018-02-28 12:39:03.973952,8509.0,700.99,168.55,0.7295
2018-02-28 12:39:14.398860,8506.0,700.97,168.5,0.72974
2018-02-28 12:39:24.930734,8522.35,700.0,168.41,0.72974
2018-02-28 12:39:35.259101,8506.13,700.0,168.41,0.729
2018-02-28 12:39:45.673043,8506.13,700.0,168.25,0.729
2018-02-28 12:39:56.059404,8506.13,700.95,168.3,0.728
2018-02-28 12:40:06.364644,8525.44,700.89,168.3,0.72799
2018-02-28 12:40:16.686027,8508.51,702.47,168.16,0.728
2018-02-28 12:40:26.910184,8517.1,702.47,168.16,0.72898
2018-02-28 12:40:37.237886,8523.07,702.97,168.12,0.7285
2018-02-28 12:40:47.588007,8523.2,702.97,167.92,0.729
2018-02-28 12:40:58.004759,8518.91,702.97,167.92,0.72593
2018-02-28 12:41:08.427800,8543.58,700.71,167.78,0.72883
2018-02-28 12:41:18.762285,8543.64,700.71,167.78,0.72771
2018-02-28 12:41:29.076407,8548.13,700.39,167.78,0.72771
2018-02-28 12:41:39.733769,8548.17,700.39,167.78,0.72972
2018-02-28 12:41:50.053980,8566.14,700.39,168.45,0.72976
2018-02-28 12:42:00.536081,8536.61,700.39,168.45,0.72976
2018-02-28 12:42:10.773083,8539.4,700.39,168.45,0.72976
2018-02-28 12:42:21.005058,8562.51,700.39,167.89,0.73
2018-02-28 12:42:31.398792,8545.15,700.51,168.41,0.73
2018-02-28 12:42:41.996883,8546.77,700.51,168.41,0.73
2018-02-28 12:42:52.559463,8546.0,700.51,168.41,0.73
2018-02-28 12:43:02.955126,8545.6,700.51,168.41,0.73
2018-02-28 12:43:13.533187,8525.77,703.84,168.41,0.72599
2018-02-28 12:43:23.848678,8526.51,703.84,168.41,0.72976
2018-02-28 12:43:34.139309,8526.51,700.09,168.24,0.72976
2018-02-28 12:43:44.536282,8529.03,700.09,168.21,0.72976
2018-02-28 12:43:54.818049,8529.03,700.09,168.21,0.72604
2018-02-28 12:44:05.029746,8546.79,700.09,168.21,0.72604
2018-02-28 12:44:15.349179,8546.79,700.09,168.1,0.72604
2018-02-28 12:44:25.964346,8528.79,700.09,168.1,0.72604
2018-02-28 12:44:36.497899,8539.64,700.05,168.23,0.72638
2018-02-28 12:44:46.899725,8513.64,700.05,168.23,0.72999
2018-02-28 12:44:57.234375,8537.78,700.05,168.23,0.72998
2018-02-28 12:45:07.565354,8535.97,700.05,168.23,0.72998
2018-02-28 12:45:17.894335,8534.35,702.07,168.23,0.72998
2018-02-28 12:45:28.339622,8533.15,702.07,168.23,0.72998
2018-02-28 12:45:38.670516,8527.99,702.07,168.23,0.72998
2018-02-28 12:45:49.025131,8512.63,702.07,168.23,0.72787
2018-02-28 12:45:59.347653,8510.0,702.07,168.23,0.72787
2018-02-28 12:46:09.648873,8524.5,702.07,168.23,0.72787
2018-02-28 12:46:20.057508,8500.0,700.02,168.0,0.72787
2018-02-28 12:46:30.470184,8521.75,701.89,168.0,0.72593
2018-02-28 12:46:40.856196,8493.81,701.89,167.98,0.72894
2018-02-28 12:46:51.322309,8493.81,701.89,167.98,0.726
2018-02-28 12:47:01.608651,8493.81,701.89,167.98,0.72891
2018-02-28 12:47:12.165369,8500.0,701.89,168.0,0.72891
2018-02-28 12:47:22.612254,8522.9,701.89,168.02,0.72891
2018-02-28 12:47:32.895508,8523.45,700.02,168.02,0.7295
2018-02-28 12:47:43.676024,8504.24,700.02,167.58,0.7295
2018-02-28 12:47:54.014286,8516.15,700.02,167.58,0.7295
2018-02-28 12:48:04.605557,8516.15,700.02,168.1,0.7295
2018-02-28 12:48:14.968938,8537.46,700.02,168.1,0.7295
2018-02-28 12:48:25.472525,8537.46,700.02,168.49,0.729
2018-02-28 12:48:35.744132,8537.46,700.04,168.49,0.729
2018-02-28 12:48:45.976835,8520.1,700.04,168.49,0.72997
2018-02-28 12:48:56.593707,8507.0,700.04,168.64,0.72997
2018-02-28 12:49:06.835751,8510.0,700.04,168.64,0.72997
2018-02-28 12:49:17.049399,8510.03,700.04,168.68,0.72997
2018-02-28 12:49:27.462335,8536.4,702.45,168.68,0.72931
2018-02-28 12:49:37.686220,8536.94,702.45,168.68,0.73
2018-02-28 12:49:47.981971,8536.94,702.45,169.09,0.73
2018-02-28 12:49:58.603965,8536.94,702.36,169.09,0.73
2018-02-28 12:50:09.032389,8525.0,702.36,169.09,0.72999
2018-02-28 12:50:19.388104,8544.74,702.36,169.0,0.72999
2018-02-28 12:50:29.601186,8544.74,700.61,169.0,0.72999
2018-02-28 12:50:39.819773,8544.72,702.3,169.04,0.72722
2018-02-28 12:50:50.131741,8528.73,703.0,168.65,0.72722
2018-02-28 12:51:00.463042,8550.45,703.0,168.65,0.73
2018-02-28 12:51:10.745512,8528.67,703.0,169.0,0.73
2018-02-28 12:51:21.067833,8528.67,700.88,169.0,0.73
2018-02-28 12:51:31.596216,8546.52,702.31,169.0,0.73
2018-02-28 12:51:42.018188,8528.67,702.31,169.0,0.72795
2018-02-28 12:51:52.494504,8517.0,702.31,169.0,0.72795
2018-02-28 12:52:02.828258,8520.11,702.31,168.99,0.72795
2018-02-28 12:52:13.112254,8520.11,702.43,168.74,0.72795
2018-02-28 12:52:23.510540,8528.67,702.97,168.74,0.72795
2018-02-28 12:52:33.817581,8528.67,702.97,168.74,0.73
2018-02-28 12:52:44.222360,8550.0,702.98,168.99,0.73
2018-02-28 12:52:54.698501,8550.0,701.03,168.99,0.73
2018-02-28 12:53:05.021511,8550.0,701.03,168.99,0.73
2018-02-28 12:53:15.318572,8550.0,702.98,168.99,0.73
2018-02-28 12:53:25.711131,8550.0,702.98,168.99,0.73
2018-02-28 12:53:35.907365,8549.52,702.98,168.99,0.73
2018-02-28 12:53:46.097839,8549.52,702.98,168.99,0.73
2018-02-28 12:53:56.309502,8532.61,702.98,169.0,0.73179
2018-02-28 12:54:06.709171,8532.61,702.98,169.0,0.73257
2018-02-28 12:54:17.045562,8532.61,702.98,169.39,0.73257
2018-02-28 12:54:27.448971,8534.3,702.98,169.39,0.73257
2018-02-28 12:54:37.787631,8534.3,702.98,169.39,0.72913
2018-02-28 12:54:48.223001,8534.3,702.98,169.39,0.72913
2018-02-28 12:54:58.627006,8534.3,702.98,169.39,0.72913
2018-02-28 12:55:09.059807,8534.3,702.98,169.39,0.72913
2018-02-28 12:55:19.365727,8545.65,702.98,169.39,0.72913
2018-02-28 12:55:29.758277,8530.71,703.0,169.39,0.72913
2018-02-28 12:55:40.160552,8524.05,703.0,169.39,0.72647
2018-02-28 12:55:50.541272,8524.05,703.0,169.39,0.72678
2018-02-28 12:56:00.868007,8524.05,703.0,169.39,0.72678
2018-02-28 12:56:11.479737,8541.1,703.0,169.18,0.72678
2018-02-28 12:56:21.696422,8437.01,703.0,169.18,0.72678
2018-02-28 12:56:32.076212,8536.3,703.0,169.18,0.73175
2018-02-28 12:56:42.469426,8514.92,703.0,169.18,0.73175
2018-02-28 12:56:52.960147,8529.69,703.0,169.03,0.73175
2018-02-28 12:57:03.524718,8520.0,703.0,169.2,0.73175
2018-02-28 12:57:13.868468,8520.0,703.0,169.2,0.73175
2018-02-28 12:57:24.101409,8520.0,703.0,169.2,0.73131
2018-02-28 12:57:34.446690,8510.01,703.0,169.2,0.73131
2018-02-28 12:57:44.766067,8510.8,702.0,168.77,0.73131
2018-02-28 12:57:54.962843,8500.01,702.0,168.87,0.73131
2018-02-28 12:58:05.512007,8501.9,702.0,168.84,0.73105
2018-02-28 12:58:15.793412,8500.1,702.0,168.84,0.73105
2018-02-28 12:58:25.984067,8500.1,702.0,168.71,0.72617
2018-02-28 12:58:36.208732,8498.1,702.0,168.71,0.72617
2018-02-28 12:58:46.598461,8498.1,702.0,168.64,0.73089
2018-02-28 12:58:57.053063,8498.1,702.17,168.64,0.73089
2018-02-28 12:59:07.359061,8514.2,702.17,168.64,0.73089
2018-02-28 12:59:17.777338,8514.2,702.17,168.64,0.73089
2018-02-28 12:59:28.180153,8498.74,702.17,168.26,0.73067
2018-02-28 12:59:38.860725,8514.43,702.17,168.26,0.73067
2018-02-28 12:59:49.084579,8506.77,702.17,168.26,0.73067
2018-02-28 12:59:59.564325,8519.99,702.72,168.9,0.72717
2018-02-28 13:00:09.825391,8519.99,702.72,168.9,0.72717
2018-02-28 13:00:20.109856,8517.95,702.92,168.2,0.72717
2018-02-28 13:00:30.482463,8517.95,702.89,168.2,0.72717
2018-02-28 13:00:40.904876,8517.95,701.1,168.2,0.72717
2018-02-28 13:00:51.259408,8500.0,701.1,168.2,0.72717
2018-02-28 13:01:01.764632,8496.25,701.04,168.2,0.72717
2018-02-28 13:01:11.960876,8496.25,701.04,168.2,0.727
2018-02-28 13:01:22.438719,8494.54,702.91,168.2,0.7282
2018-02-28 13:01:32.984087,8494.54,702.91,168.2,0.7282
2018-02-28 13:01:43.488667,8494.54,702.91,168.05,0.7282
2018-02-28 13:01:53.801129,8494.4,702.91,168.05,0.7282
2018-02-28 13:02:04.030180,8484.38,702.91,168.06,0.7282
2018-02-28 13:02:14.270575,8488.4,702.7,168.06,0.7282
2018-02-28 13:02:24.610455,8488.4,702.38,168.02,0.7282
2018-02-28 13:02:34.886127,8500.0,702.38,168.01,0.72651
2018-02-28 13:02:45.091696,8500.0,702.38,168.01,0.72624
2018-02-28 13:02:55.491678,8500.0,702.38,168.0,0.72624
2018-02-28 13:03:05.803804,8500.0,702.38,167.88,0.72624
2018-02-28 13:03:16.370757,8500.0,702.34,167.88,0.72642
2018-02-28 13:03:26.679659,8500.0,702.34,168.0,0.72636
2018-02-28 13:03:37.082769,8499.9,702.34,167.64,0.72502
2018-02-28 13:03:47.449961,8499.9,702.51,167.64,0.72502
2018-02-28 13:03:57.792922,8499.9,702.51,167.64,0.73155
2018-02-28 13:04:08.018503,8499.9,702.51,167.64,0.73155
2018-02-28 13:04:18.425101,8499.9,701.03,168.0,0.73155
2018-02-28 13:04:28.698981,8499.15,701.03,167.99,0.73155
2018-02-28 13:04:38.994651,8499.9,701.03,167.99,0.73155
2018-02-28 13:04:49.400144,8499.9,701.03,167.99,0.73155
2018-02-28 13:04:59.782398,8499.9,701.03,168.0,0.73155
2018-02-28 13:05:09.988526,8500.0,701.03,168.0,0.73043
2018-02-28 13:05:20.416525,8500.0,701.03,168.0,0.73043
2018-02-28 13:05:30.701631,8500.0,701.03,167.64,0.73043
2018-02-28 13:05:41.092325,8486.21,702.58,167.64,0.73043
2018-02-28 13:05:51.470314,8486.21,702.53,167.64,0.73043
2018-02-28 13:06:01.779595,8499.9,702.53,167.64,0.72888
2018-02-28 13:06:12.018291,8485.03,702.88,168.0,0.7251
2018-02-28 13:06:22.758022,8498.99,702.72,168.0,0.7251
2018-02-28 13:06:32.956529,8498.99,702.72,168.0,0.7251
2018-02-28 13:06:43.155648,8490.0,702.67,168.0,0.72945
2018-02-28 13:06:53.670666,8490.0,702.89,168.0,0.72945
2018-02-28 13:07:03.892808,8490.0,702.89,168.0,0.72945
2018-02-28 13:07:14.124134,8508.99,702.89,168.02,0.72945
2018-02-28 13:07:24.606983,8500.13,701.03,168.06,0.72945
2018-02-28 13:07:34.824981,8500.41,701.03,168.2,0.72945
2018-02-28 13:07:45.165717,8517.79,701.03,168.91,0.72997
2018-02-28 13:07:55.479585,8527.05,701.03,168.84,0.72997
2018-02-28 13:08:05.842246,8527.05,701.03,168.84,0.72997
2018-02-28 13:08:16.189694,8527.05,701.03,168.82,0.72997
2018-02-28 13:08:26.489052,8527.08,701.03,168.82,0.72997
2018-02-28 13:08:36.964685,8513.23,701.03,168.82,0.729
2018-02-28 13:08:47.397381,8528.38,701.03,168.82,0.729
2018-02-28 13:08:57.848502,8528.38,701.03,168.82,0.729
2018-02-28 13:09:08.374347,8538.0,701.03,168.82,0.729
2018-02-28 13:09:18.690605,8535.76,701.03,169.2,0.729
2018-02-28 13:09:29.083895,8525.4,701.03,169.2,0.73155
2018-02-28 13:09:39.288371,8524.6,701.03,169.2,0.73155
2018-02-28 13:09:49.493863,8524.6,701.03,169.2,0.73155
2018-02-28 13:09:59.798181,8535.09,703.0,169.2,0.72992
2018-02-28 13:10:10.038268,8535.0,703.0,169.2,0.73156
2018-02-28 13:10:20.460610,8535.0,703.0,169.0,0.73156
2018-02-28 13:10:30.845058,8535.0,703.0,169.0,0.73156
2018-02-28 13:10:41.316401,8535.09,703.0,169.0,0.73156
2018-02-28 13:10:51.712959,8535.09,703.0,169.0,0.73156
2018-02-28 13:11:02.214528,8550.0,703.0,169.0,0.73156
2018-02-28 13:11:12.523643,8550.0,705.34,169.8,0.73156
2018-02-28 13:11:22.948421,8550.0,705.47,169.8,0.73156
2018-02-28 13:11:33.252518,8555.48,705.46,169.8,0.73156
2018-02-28 13:11:43.589301,8555.48,705.31,169.8,0.73156
2018-02-28 13:11:53.969101,8555.48,705.31,169.8,0.73156
2018-02-28 13:12:04.294579,8548.6,705.31,169.8,0.73329
2018-02-28 13:12:14.821391,8550.0,705.31,169.8,0.73329
2018-02-28 13:12:25.205535,8548.78,705.31,169.8,0.73
2018-02-28 13:12:35.524553,8548.78,705.31,169.8,0.73315
2018-02-28 13:12:45.814542,8548.78,705.31,169.8,0.73315
2018-02-28 13:12:56.050169,8538.33,705.31,169.8,0.73315
2018-02-28 13:13:06.541218,8527.04,705.31,169.8,0.73315
2018-02-28 13:13:16.843554,8537.74,705.31,169.8,0.732
2018-02-28 13:13:27.330959,8537.74,705.31,169.8,0.732
2018-02-28 13:13:37.545839,8537.74,704.86,169.8,0.732
2018-02-28 13:13:47.865250,8537.74,703.06,169.8,0.732
2018-02-28 13:13:58.262243,8537.74,703.06,169.8,0.732
2018-02-28 13:14:08.558844,8557.68,703.06,169.8,0.732
2018-02-28 13:14:19.004948,8550.0,703.17,169.8,0.732
2018-02-28 13:14:29.404498,8550.0,703.17,169.8,0.732
2018-02-28 13:14:39.754728,8550.0,705.37,169.8,0.732
2018-02-28 13:14:50.048284,8550.0,705.37,169.8,0.732
2018-02-28 13:15:00.335651,8550.0,705.37,169.8,0.7334
2018-02-28 13:15:10.676664,8550.0,705.37,169.78,0.7334
2018-02-28 13:15:20.908210,8538.73,705.31,169.78,0.73334
2018-02-28 13:15:31.195310,8538.73,705.31,169.78,0.73328
2018-02-28 13:15:41.671145,8538.73,705.31,169.69,0.73324
2018-02-28 13:15:51.970185,8538.73,705.31,169.69,0.73324
2018-02-28 13:16:02.413194,8550.0,705.31,169.69,0.73324
2018-02-28 13:16:12.711457,8536.63,706.39,169.69,0.73321
2018-02-28 13:16:23.138965,8536.63,706.39,169.69,0.73321
2018-02-28 13:16:33.559591,8536.63,706.39,169.74,0.73321
2018-02-28 13:16:43.975013,8570.12,706.05,169.74,0.73316
2018-02-28 13:16:54.384137,8553.82,704.07,169.74,0.73316
2018-02-28 13:17:04.724092,8556.4,704.07,169.74,0.73316
2018-02-28 13:17:15.034414,8556.22,704.07,169.94,0.73316
2018-02-28 13:17:25.434010,8537.9,704.07,169.94,0.73316
2018-02-28 13:17:35.847537,8558.79,704.1,169.86,0.73307
2018-02-28 13:17:46.052589,8538.9,704.08,169.86,0.73307
2018-02-28 13:17:56.273487,8556.09,704.08,169.85,0.73303
2018-02-28 13:18:06.521624,8556.09,704.08,169.46,0.73303
2018-02-28 13:18:16.748227,8556.09,705.97,169.46,0.73303
2018-02-28 13:18:26.960443,8556.09,704.1,169.46,0.7305
2018-02-28 13:18:37.257742,8557.37,704.1,169.46,0.7305
2018-02-28 13:18:47.588949,8557.37,704.11,169.9,0.73303
2018-02-28 13:18:58.072002,8557.37,704.0,169.9,0.73303
2018-02-28 13:19:08.500023,8564.71,704.0,169.9,0.73303
2018-02-28 13:19:18.883962,8548.81,704.0,169.98,0.73303
2018-02-28 13:19:29.106180,8548.81,705.8,169.98,0.73303
2018-02-28 13:19:39.450309,8552.55,705.8,169.98,0.73303
2018-02-28 13:19:49.939051,8552.55,705.8,169.98,0.73303
2018-02-28 13:20:00.149658,8555.0,705.8,169.98,0.73303
2018-02-28 13:20:10.617455,8542.0,705.8,169.46,0.73192
2018-02-28 13:20:20.904669,8539.65,705.8,169.46,0.73192
2018-02-28 13:20:31.413983,8539.65,705.8,169.46,0.73192
2018-02-28 13:20:41.732801,8539.65,705.8,169.46,0.73192
2018-02-28 13:20:52.084089,8539.65,705.28,169.46,0.73192
2018-02-28 13:21:02.505470,8550.99,705.28,169.46,0.73192
2018-02-28 13:21:12.943797,8543.04,705.28,169.59,0.73324
2018-02-28 13:21:23.188001,8559.6,705.28,169.59,0.73399
2018-02-28 13:21:33.604166,8559.6,705.28,169.44,0.73399
2018-02-28 13:21:44.130718,8543.2,703.86,169.44,0.734
2018-02-28 13:21:54.432224,8543.2,703.86,169.57,0.734
2018-02-28 13:22:04.696312,8565.14,703.86,169.57,0.734
2018-02-28 13:22:14.923686,8545.0,703.86,169.57,0.734
2018-02-28 13:22:25.132280,8545.0,705.47,169.01,0.73569
2018-02-28 13:22:35.359977,8545.0,705.47,169.57,0.73569
2018-02-28 13:22:45.573491,8545.0,705.47,169.57,0.73569
2018-02-28 13:22:56.051989,8545.0,705.47,169.57,0.73569
2018-02-28 13:23:06.454363,8545.0,705.47,169.57,0.73569
2018-02-28 13:23:16.887395,8545.04,705.47,169.57,0.73569
2018-02-28 13:23:27.404913,8545.04,705.01,169.57,0.73555
2018-02-28 13:23:37.701558,8558.17,705.01,169.57,0.73121
2018-02-28 13:23:47.989576,8558.17,705.01,169.58,0.73121
2018-02-28 13:23:58.418470,8558.17,705.01,169.58,0.73121
2018-02-28 13:24:08.729715,8558.17,705.01,169.58,0.73121
2018-02-28 13:24:19.323560,8558.17,704.98,169.58,0.73121
2018-02-28 13:24:29.666052,8558.17,704.98,169.58,0.73151
2018-02-28 13:24:39.891798,8558.17,705.0,169.66,0.73151
2018-02-28 13:24:50.319625,8558.17,705.0,169.62,0.73151
2018-02-28 13:25:00.545888,8564.0,705.0,169.62,0.73151
2018-02-28 13:25:10.769983,8561.31,705.0,169.62,0.73151
2018-02-28 13:25:21.056008,8561.31,705.0,169.62,0.73636
2018-02-28 13:25:31.582556,8559.95,705.0,169.23,0.73636
2018-02-28 13:25:41.893665,8559.95,705.0,169.23,0.73204
2018-02-28 13:25:52.333717,8563.5,705.0,169.23,0.73204
2018-02-28 13:26:02.663631,8563.5,705.0,169.73,0.73204
2018-02-28 13:26:13.055032,8563.5,705.0,169.73,0.73204
2018-02-28 13:26:23.500603,8563.99,705.18,169.73,0.73204
2018-02-28 13:26:33.933411,8564.0,708.36,169.73,0.73204
2018-02-28 13:26:44.157401,8564.0,708.36,169.73,0.73204
2018-02-28 13:26:54.667582,8576.97,707.98,169.73,0.73204
2018-02-28 13:27:04.893507,8582.0,707.98,169.73,0.73204
2018-02-28 13:27:15.557754,8582.0,707.98,169.73,0.73204
2018-02-28 13:27:25.864243,8582.0,707.98,169.73,0.73204
2018-02-28 13:27:36.276163,8583.33,705.6,169.73,0.73204
2018-02-28 13:27:46.795333,8583.33,705.6,169.27,0.73204
2018-02-28 13:27:57.159221,8566.38,705.6,169.27,0.73204
2018-02-28 13:28:07.553448,8568.81,705.6,169.92,0.73775
2018-02-28 13:28:18.190954,8568.81,705.6,170.01,0.73775
2018-02-28 13:28:28.701059,8590.28,705.6,169.23,0.73775
2018-02-28 13:28:39.260424,8590.28,705.6,169.23,0.73775
2018-02-28 13:28:49.544763,8590.28,705.6,169.91,0.73775
2018-02-28 13:28:59.831585,8568.81,705.6,169.98,0.73775
2018-02-28 13:29:10.186004,8585.9,705.6,169.94,0.73775
2018-02-28 13:29:20.510441,8579.67,705.6,169.97,0.73775
2018-02-28 13:29:30.764915,8569.37,705.6,169.97,0.73775
2018-02-28 13:29:41.193731,8584.52,705.6,169.97,0.73775
2018-02-28 13:29:51.578525,8584.52,705.6,169.97,0.73775
2018-02-28 13:30:02.169000,8571.91,705.6,169.97,0.73891
2018-02-28 13:30:12.442248,8571.91,707.0,169.97,0.73891
2018-02-28 13:30:22.986389,8571.91,707.0,169.9,0.73891
2018-02-28 13:30:33.569589,8571.91,707.0,169.9,0.73907
2018-02-28 13:30:43.940897,8571.91,707.0,170.07,0.73907
2018-02-28 13:30:54.239078,8571.91,708.02,170.07,0.73907
2018-02-28 13:31:04.574667,8571.91,708.02,170.05,0.73907
2018-02-28 13:31:14.787549,8571.91,708.02,169.61,0.73907
2018-02-28 13:31:25.089589,8576.3,708.02,169.61,0.73907
2018-02-28 13:31:35.591578,8576.3,708.02,169.61,0.73907
2018-02-28 13:31:46.100203,8593.0,708.02,169.61,0.73907
2018-02-28 13:31:56.470211,8569.13,708.05,169.61,0.73907
2018-02-28 13:32:06.795363,8568.81,708.05,169.61,0.73907
2018-02-28 13:32:17.012963,8568.81,708.05,169.55,0.73897
2018-02-28 13:32:27.431247,8568.81,708.05,169.55,0.73897
2018-02-28 13:32:37.833012,8568.81,708.05,169.52,0.73897
2018-02-28 13:32:48.242287,8568.81,707.0,170.08,0.73897
2018-02-28 13:32:58.538754,8568.81,707.0,170.08,0.73897
2018-02-28 13:33:09.027560,8568.81,708.05,170.08,0.73897
2018-02-28 13:33:19.464706,8568.81,709.05,170.08,0.73897
2018-02-28 13:33:29.661812,8572.68,709.05,169.99,0.73897
2018-02-28 13:33:40.146957,8579.75,707.88,169.99,0.73897
2018-02-28 13:33:50.368089,8579.75,707.88,169.99,0.73867
2018-02-28 13:34:00.604303,8568.16,707.21,169.35,0.73867
2018-02-28 13:34:10.847818,8554.0,707.21,169.35,0.73866
2018-02-28 13:34:21.076452,8554.0,707.21,169.35,0.73866
2018-02-28 13:34:31.672212,8573.89,707.21,169.35,0.73866
2018-02-28 13:34:41.992189,8548.45,706.72,169.35,0.73866
2018-02-28 13:34:52.627453,8568.18,706.72,169.35,0.73866
2018-02-28 13:35:02.966117,8568.18,706.72,169.35,0.73866
2018-02-28 13:35:13.205800,8546.63,706.72,169.94,0.73866
2018-02-28 13:35:23.575992,8546.63,706.72,169.94,0.73866
2018-02-28 13:35:33.928749,8552.13,706.72,169.82,0.73866
2018-02-28 13:35:44.333639,8552.13,708.1,169.82,0.73866
2018-02-28 13:35:54.611492,8552.13,708.42,169.79,0.73866
2018-02-28 13:36:04.914339,8551.96,706.09,169.76,0.738
2018-02-28 13:36:15.308436,8564.09,708.25,169.76,0.738
2018-02-28 13:36:25.688856,8564.09,708.25,169.73,0.738
2018-02-28 13:36:35.959242,8563.89,706.12,169.74,0.738
2018-02-28 13:36:46.281885,8563.89,708.18,169.74,0.73357
2018-02-28 13:36:56.576827,8563.89,708.18,169.74,0.73357
2018-02-28 13:37:06.897438,8563.89,708.18,169.74,0.73357
2018-02-28 13:37:17.319077,8563.89,708.18,169.74,0.73357
2018-02-28 13:37:27.910868,8563.89,708.18,169.74,0.73357
2018-02-28 13:37:38.191153,8558.57,708.18,169.74,0.73357
2018-02-28 13:37:48.594238,8534.24,708.18,169.14,0.73357
2018-02-28 13:37:58.944495,8534.24,708.18,169.14,0.73357
2018-02-28 13:38:09.299626,8556.42,708.18,169.03,0.73357
2018-02-28 13:38:19.631248,8558.28,708.18,169.04,0.73357
2018-02-28 13:38:30.043808,8558.28,706.1,169.04,0.73357
2018-02-28 13:38:40.687776,8538.09,706.1,169.04,0.73357
2018-02-28 13:38:50.948452,8540.62,706.1,169.04,0.73357
2018-02-28 13:39:01.377840,8540.62,707.63,169.04,0.73357
2018-02-28 13:39:11.726205,8552.8,707.63,169.04,0.73357
2018-02-28 13:39:22.100192,8552.8,707.63,169.8,0.73357
2018-02-28 13:39:32.440936,8552.8,707.63,169.8,0.73357
2018-02-28 13:39:43.097364,8552.8,706.91,169.32,0.73357
2018-02-28 13:39:53.466760,8551.96,706.91,169.22,0.73357
2018-02-28 13:40:03.840916,8561.58,706.91,169.22,0.7359
2018-02-28 13:40:14.470803,8561.58,706.91,169.28,0.7359
2018-02-28 13:40:24.961144,8561.27,706.91,169.28,0.7359
2018-02-28 13:40:35.393516,8561.27,706.91,169.28,0.7359
2018-02-28 13:40:45.723931,8561.27,706.91,169.28,0.7359
2018-02-28 13:40:56.059477,8539.26,706.91,169.76,0.7359
2018-02-28 13:41:06.489191,8560.19,706.91,169.76,0.7359
2018-02-28 13:41:16.853914,8544.72,706.4,169.35,0.7359
2018-02-28 13:41:27.368578,8544.72,706.4,169.35,0.7359
2018-02-28 13:41:37.577767,8558.24,706.4,169.95,0.7359
2018-02-28 13:41:47.961330,8558.24,706.4,169.95,0.7359
2018-02-28 13:41:58.488675,8558.24,706.4,169.95,0.7359
2018-02-28 13:42:08.824456,8564.77,707.27,169.95,0.7359
2018-02-28 13:42:19.255645,8564.77,707.23,169.92,0.7359
2018-02-28 13:42:29.691951,8564.77,707.23,169.92,0.735
2018-02-28 13:42:39.912280,8564.77,707.23,170.07,0.735
2018-02-28 13:42:50.360314,8567.0,707.23,170.07,0.735
2018-02-28 13:43:00.584807,8579.57,707.23,170.07,0.735
2018-02-28 13:43:10.783771,8579.64,707.23,170.07,0.735
2018-02-28 13:43:21.001253,8585.79,704.51,170.07,0.735
2018-02-28 13:43:31.391650,8585.79,704.51,170.05,0.735
2018-02-28 13:43:41.674982,8585.79,704.51,170.05,0.735
2018-02-28 13:43:51.903399,8581.7,704.51,170.05,0.735
2018-02-28 13:44:02.166339,8570.96,704.51,170.05,0.73314
2018-02-28 13:44:12.426221,8567.1,704.51,170.05,0.73314
2018-02-28 13:44:22.607931,8582.7,707.65,169.8,0.73314
2018-02-28 13:44:33.090012,8585.78,708.23,169.8,0.73314
2018-02-28 13:44:43.315914,8564.05,708.23,169.8,0.73314
2018-02-28 13:44:53.715788,8583.37,708.23,169.8,0.73314
2018-02-28 13:45:04.046954,8582.09,705.7,169.8,0.73314
2018-02-28 13:45:14.354976,8582.09,707.69,169.8,0.73314
2018-02-28 13:45:24.653693,8577.17,707.69,169.8,0.73314
2018-02-28 13:45:35.071500,8577.17,707.69,169.8,0.73314
2018-02-28 13:45:45.541897,8575.84,707.69,169.8,0.73314
2018-02-28 13:45:55.870215,8575.84,707.69,170.03,0.73314
2018-02-28 13:46:06.124686,8572.91,707.69,170.0,0.73314
2018-02-28 13:46:16.641838,8593.39,708.22,170.32,0.73314
2018-02-28 13:46:27.074699,8579.5,708.22,169.85,0.73314
2018-02-28 13:46:37.371419,8579.5,708.22,169.85,0.735
2018-02-28 13:46:47.669091,8579.5,708.22,170.5,0.735
2018-02-28 13:46:57.985995,8593.45,708.22,170.52,0.735
2018-02-28 13:47:08.397027,8600.0,708.25,170.66,0.735
2018-02-28 13:47:18.879521,8578.8,708.25,170.65,0.735
2018-02-28 13:47:29.213637,8597.65,708.25,170.65,0.735
2018-02-28 13:47:39.630506,8598.02,708.25,170.63,0.735
2018-02-28 13:47:49.875791,8597.38,708.25,170.63,0.735
2018-02-28 13:48:00.115532,8597.38,708.25,170.47,0.735
2018-02-28 13:48:10.484127,8582.52,706.73,170.47,0.735
2018-02-28 13:48:20.799139,8580.57,706.73,170.47,0.735
2018-02-28 13:48:31.187751,8597.99,706.73,170.47,0.735
2018-02-28 13:48:41.550799,8597.99,706.73,170.47,0.735
2018-02-28 13:48:51.845760,8597.99,706.73,170.49,0.735
2018-02-28 13:49:02.194660,8596.92,706.73,170.49,0.735
2018-02-28 13:49:12.521525,8596.94,706.73,170.49,0.735
2018-02-28 13:49:22.928801,8596.94,706.73,170.49,0.735
2018-02-28 13:49:33.340433,8596.94,706.73,170.49,0.735
2018-02-28 13:49:43.755714,8596.48,706.73,170.48,0.735
2018-02-28 13:49:54.076359,8593.25,709.0,170.48,0.735
2018-02-28 13:50:04.557433,8593.25,709.0,170.6,0.735
2018-02-28 13:50:14.847720,8595.44,709.0,170.6,0.735
2018-02-28 13:50:25.095990,8579.0,709.0,170.6,0.735
2018-02-28 13:50:35.527384,8592.05,709.0,170.6,0.735
2018-02-28 13:50:45.859781,8592.05,709.0,170.6,0.735
2018-02-28 13:50:56.488922,8579.0,709.0,170.6,0.73594
2018-02-28 13:51:06.761416,8579.0,709.0,170.6,0.73594
2018-02-28 13:51:17.136308,8597.0,709.0,170.6,0.73594
2018-02-28 13:51:27.600000,8596.87,709.0,170.63,0.73594
2018-02-28 13:51:38.115421,8596.87,709.55,170.63,0.73594
2018-02-28 13:51:48.748548,8596.87,709.55,170.63,0.73594
2018-02-28 13:51:59.148968,8596.87,709.55,170.63,0.73594
2018-02-28 13:52:09.543031,8598.02,709.55,170.63,0.73594
2018-02-28 13:52:19.859905,8598.02,709.55,170.63,0.73594
2018-02-28 13:52:30.273777,8598.02,709.55,170.63,0.73594
2018-02-28 13:52:40.865306,8598.02,709.55,170.63,0.73594
2018-02-28 13:52:51.184518,8598.02,709.55,170.63,0.73594
2018-02-28 13:53:01.395901,8598.02,709.55,170.63,0.73594
2018-02-28 13:53:11.630150,8598.02,709.55,170.63,0.73594
2018-02-28 13:53:22.077910,8598.02,709.55,170.63,0.73594
2018-02-28 13:53:32.489184,8598.0,709.55,170.61,0.73594
2018-02-28 13:53:42.919070,8589.56,709.32,170.61,0.73594
2018-02-28 13:53:53.142927,8589.56,709.32,170.61,0.73594
2018-02-28 13:54:03.621356,8589.56,709.32,170.62,0.73594
2018-02-28 13:54:13.912900,8589.56,709.32,170.62,0.73594
2018-02-28 13:54:24.139965,8595.0,709.32,170.62,0.73873
2018-02-28 13:54:34.510774,8595.0,706.82,170.61,0.73873
2018-02-28 13:54:44.918662,8595.0,706.82,170.61,0.73873
2018-02-28 13:54:55.139159,8585.0,706.82,170.63,0.73873
2018-02-28 13:55:05.654008,8585.0,706.82,170.62,0.73873
2018-02-28 13:55:16.158803,8585.0,706.82,170.61,0.73873
2018-02-28 13:55:26.647446,8585.0,709.31,170.61,0.73873
2018-02-28 13:55:36.958570,8597.86,709.31,170.61,0.73873
2018-02-28 13:55:47.343622,8597.86,709.31,170.61,0.73873
2018-02-28 13:55:57.912274,8585.0,709.31,170.61,0.73873
2018-02-28 13:56:08.121925,8597.3,709.78,170.61,0.73873
2018-02-28 13:56:18.619582,8597.3,709.77,170.57,0.73873
2018-02-28 13:56:28.926490,8597.3,706.2,170.57,0.73873
2018-02-28 13:56:39.136672,8570.0,706.2,170.57,0.73873
2018-02-28 13:56:49.611571,8564.53,706.31,170.57,0.73873
2018-02-28 13:57:00.025257,8585.78,706.31,170.46,0.73873
2018-02-28 13:57:10.403224,8585.7,706.31,170.46,0.73873
2018-02-28 13:57:20.701399,8585.7,706.31,170.01,0.73773
2018-02-28 13:57:31.015526,8585.7,706.31,170.01,0.73773
2018-02-28 13:57:41.407511,8585.7,706.31,170.01,0.73773
2018-02-28 13:57:51.874020,8585.7,706.31,170.04,0.73773
2018-02-28 13:58:02.408527,8570.58,706.31,170.04,0.73773
2018-02-28 13:58:12.803506,8589.67,708.96,170.04,0.73773
2018-02-28 13:58:23.152428,8589.67,708.96,170.04,0.73773
2018-02-28 13:58:33.459071,8589.67,708.96,170.04,0.73773
2018-02-28 13:58:43.784464,8589.67,708.96,170.04,0.73773
2018-02-28 13:58:54.100410,8562.17,708.96,170.48,0.73402
2018-02-28 13:59:04.421224,8575.3,708.96,170.48,0.73209
2018-02-28 13:59:14.753910,8562.1,708.96,170.48,0.73209
2018-02-28 13:59:25.179951,8562.11,708.73,170.33,0.73209
2018-02-28 13:59:35.390261,8562.11,708.73,170.33,0.73209
2018-02-28 13:59:45.616704,8562.11,708.73,170.33,0.73209
2018-02-28 13:59:55.808861,8554.97,708.73,170.33,0.73209
2018-02-28 14:00:06.118458,8554.97,708.73,170.33,0.73209
2018-02-28 14:00:16.544568,8562.51,708.73,170.33,0.73209
2018-02-28 14:00:26.999327,8563.4,708.73,170.33,0.73209
2018-02-28 14:00:37.412489,8563.4,708.73,170.33,0.73209
2018-02-28 14:00:47.814656,8550.59,708.73,170.33,0.73209
2018-02-28 14:00:58.039784,8550.59,708.73,170.0,0.73209
2018-02-28 14:01:08.692465,8550.59,708.73,170.0,0.73287
2018-02-28 14:01:19.071120,8550.59,708.73,170.3,0.73633
2018-02-28 14:01:29.385101,8547.54,708.73,170.3,0.73633
2018-02-28 14:01:39.738505,8547.54,708.73,170.3,0.73633
2018-02-28 14:01:50.084606,8555.47,708.73,170.3,0.73633
2018-02-28 14:02:00.401240,8555.47,708.73,170.3,0.73523
2018-02-28 14:02:10.709187,8555.47,708.73,170.3,0.73523
2018-02-28 14:02:21.042983,8555.47,707.93,170.27,0.73523
2018-02-28 14:02:31.530716,8548.0,707.93,170.27,0.73523
2018-02-28 14:02:41.865180,8548.0,707.93,170.27,0.73523
2018-02-28 14:02:52.104164,8548.0,706.64,170.27,0.73542
2018-02-28 14:03:02.350566,8548.77,707.88,170.27,0.73542
2018-02-28 14:03:12.849229,8548.77,707.85,170.25,0.73542
2018-02-28 14:03:23.168425,8548.77,706.61,170.25,0.73542
2018-02-28 14:03:33.560903,8542.54,706.64,170.25,0.73542
2018-02-28 14:03:43.757641,8571.68,707.76,170.25,0.73542
2018-02-28 14:03:54.050484,8571.68,707.76,170.25,0.73542
2018-02-28 14:04:04.341898,8571.68,707.76,170.26,0.73545
2018-02-28 14:04:14.753829,8576.51,707.76,170.26,0.73545
2018-02-28 14:04:25.062264,8576.51,705.5,170.26,0.73545
2018-02-28 14:04:35.482300,8555.2,705.5,170.26,0.73545
2018-02-28 14:04:45.828939,8555.9,707.7,170.26,0.73545
2018-02-28 14:04:56.240902,8540.7,707.7,170.61,0.73114
2018-02-28 14:05:06.464587,8540.7,707.7,170.61,0.73114
2018-02-28 14:05:16.766787,8564.6,705.04,170.61,0.73114
2018-02-28 14:05:27.001432,8564.6,705.04,170.61,0.73114
2018-02-28 14:05:37.402783,8542.81,705.04,170.62,0.73114
2018-02-28 14:05:47.704282,8542.81,705.04,170.62,0.73114
2018-02-28 14:05:57.916261,8545.04,705.04,170.62,0.73114
2018-02-28 14:06:08.345230,8556.61,705.56,170.62,0.73114
2018-02-28 14:06:18.874323,8550.0,705.56,170.62,0.73114
2018-02-28 14:06:29.104108,8545.99,705.56,170.62,0.73114
2018-02-28 14:06:39.429479,8545.99,705.56,170.62,0.73566
2018-02-28 14:06:49.964720,8543.0,705.56,170.62,0.73566
2018-02-28 14:07:00.251985,8543.0,705.56,170.62,0.73566
2018-02-28 14:07:10.589510,8546.0,705.56,170.63,0.73566
2018-02-28 14:07:20.885395,8540.0,707.18,170.63,0.73566
2018-02-28 14:07:31.096618,8542.9,707.18,170.63,0.73566
2018-02-28 14:07:41.611117,8542.9,705.29,170.63,0.73566
2018-02-28 14:07:51.823898,8542.9,705.29,170.63,0.73566
2018-02-28 14:08:02.365008,8555.3,705.29,170.63,0.73566
2018-02-28 14:08:12.726435,8554.44,706.93,170.63,0.73566
2018-02-28 14:08:23.162742,8554.0,706.93,170.62,0.73566
2018-02-28 14:08:33.736544,8554.0,706.93,170.63,0.73566
2018-02-28 14:08:44.001211,8554.0,706.93,170.63,0.73566
2018-02-28 14:08:54.228880,8554.0,706.93,170.62,0.73506
2018-02-28 14:09:04.544980,8532.51,706.93,170.62,0.73506
2018-02-28 14:09:14.791369,8532.51,706.91,170.62,0.73506
2018-02-28 14:09:25.085105,8532.51,705.22,170.62,0.73506
2018-02-28 14:09:35.442178,8532.51,705.22,170.62,0.73298
2018-02-28 14:09:45.742006,8532.51,706.87,170.62,0.73443
2018-02-28 14:09:56.132964,8532.51,706.87,170.62,0.73443
2018-02-28 14:10:06.902778,8532.51,706.87,170.62,0.73443
2018-02-28 14:10:17.393470,8532.51,708.26,170.62,0.73443
2018-02-28 14:10:27.796171,8532.51,708.26,170.62,0.73443
2018-02-28 14:10:38.000336,8532.51,708.26,170.62,0.73443
2018-02-28 14:10:48.476130,8532.51,708.26,170.62,0.73443
2018-02-28 14:10:58.997111,8542.99,708.26,170.62,0.73443
2018-02-28 14:11:09.306706,8543.0,708.06,170.62,0.73443
2018-02-28 14:11:19.775063,8530.87,708.06,170.62,0.73443
2018-02-28 14:11:30.280325,8530.87,708.06,170.62,0.73443
2018-02-28 14:11:40.654661,8530.87,708.06,170.62,0.73443
2018-02-28 14:11:50.975484,8553.8,708.06,170.62,0.73443
2018-02-28 14:12:01.508338,8537.5,708.06,170.63,0.73443
2018-02-28 14:12:11.850870,8553.9,708.06,170.62,0.73443
2018-02-28 14:12:22.126036,8553.9,707.56,170.63,0.73443
2018-02-28 14:12:32.674611,8537.53,707.56,170.63,0.73443
2018-02-28 14:12:42.894888,8553.9,707.56,170.63,0.73443
2018-02-28 14:12:53.313524,8544.78,707.56,170.63,0.73443
2018-02-28 14:13:03.541088,8544.78,707.56,170.63,0.73443
2018-02-28 14:13:13.843076,8553.9,707.64,170.63,0.73443
2018-02-28 14:13:24.053328,8553.9,707.64,170.63,0.73183
2018-02-28 14:13:34.635016,8545.4,707.6,170.63,0.73183
2018-02-28 14:13:45.123138,8545.4,705.12,170.63,0.7352
2018-02-28 14:13:55.425110,8545.4,705.12,170.63,0.7352
2018-02-28 14:14:06.013290,8545.54,707.56,170.63,0.73498
2018-02-28 14:14:16.840209,8545.54,707.56,170.63,0.73498
2018-02-28 14:14:27.375285,8545.54,707.56,170.63,0.73498
2018-02-28 14:14:37.676932,8545.54,705.14,170.63,0.73548
2018-02-28 14:14:48.261419,8545.54,705.14,170.63,0.73548
2018-02-28 14:14:58.601564,8532.51,705.14,170.63,0.73548
2018-02-28 14:15:09.023534,8545.28,705.14,170.63,0.73559
2018-02-28 14:15:19.393593,8545.4,705.14,170.94,0.73559
2018-02-28 14:15:29.714773,8545.4,705.14,171.22,0.73559
2018-02-28 14:15:40.209183,8545.4,708.12,171.21,0.73559
2018-02-28 14:15:50.617732,8543.0,708.12,171.21,0.73559
2018-02-28 14:16:01.018788,8543.0,708.12,171.29,0.73559
2018-02-28 14:16:11.562017,8545.4,708.12,171.27,0.73559
2018-02-28 14:16:21.913788,8545.4,708.12,171.27,0.73559
2018-02-28 14:16:32.204418,8545.4,708.12,171.25,0.73155
2018-02-28 14:16:42.596806,8545.4,708.12,171.44,0.73155
2018-02-28 14:16:52.816698,8545.4,708.12,171.41,0.73542
2018-02-28 14:17:03.052289,8545.4,708.12,171.41,0.73542
2018-02-28 14:17:13.623396,8545.4,708.12,171.41,0.73542
2018-02-28 14:17:23.859788,8545.54,708.12,171.41,0.73542
2018-02-28 14:17:34.154731,8544.6,708.12,171.41,0.73542
2018-02-28 14:17:44.516143,8544.6,708.12,171.41,0.73179
2018-02-28 14:17:55.065401,8544.89,705.66,171.41,0.73179
2018-02-28 14:18:05.398551,8544.89,705.66,171.41,0.73179
2018-02-28 14:18:15.812946,8554.0,707.95,171.41,0.73179
2018-02-28 14:18:26.481997,8554.0,707.95,170.79,0.73179
2018-02-28 14:18:36.688287,8554.0,707.95,170.79,0.73179
2018-02-28 14:18:47.057791,8554.0,707.95,170.79,0.73179
2018-02-28 14:18:57.645954,8554.0,707.95,170.79,0.73179
2018-02-28 14:19:07.976161,8571.94,707.95,170.79,0.73179
2018-02-28 14:19:18.279802,8571.94,708.18,171.42,0.73179
2018-02-28 14:19:28.826471,8571.94,708.19,171.42,0.73834
2018-02-28 14:19:39.344709,8576.64,708.19,171.42,0.73834
2018-02-28 14:19:49.782606,8576.08,708.19,171.42,0.73826
2018-02-28 14:20:00.134628,8576.08,708.19,171.98,0.73826
2018-02-28 14:20:10.628070,8554.2,708.19,171.95,0.73231
2018-02-28 14:20:20.916318,8554.2,708.19,171.95,0.73231
2018-02-28 14:20:31.470488,8554.2,708.19,171.95,0.73231
2018-02-28 14:20:41.962714,8575.91,708.19,171.95,0.73231
2018-02-28 14:20:52.539481,8575.91,708.19,171.54,0.73231
2018-02-28 14:21:03.345915,8567.78,708.19,171.54,0.73231
2018-02-28 14:21:13.817438,8567.78,708.19,171.54,0.73231
2018-02-28 14:21:24.033266,8554.03,708.19,171.54,0.73231
2018-02-28 14:21:34.352488,8567.85,708.19,171.54,0.73231
2018-02-28 14:21:44.709723,8567.85,708.24,171.54,0.73231
2018-02-28 14:21:55.173220,8567.9,708.24,171.54,0.73723
2018-02-28 14:22:05.603906,8567.8,708.24,171.54,0.73723
2018-02-28 14:22:16.017388,8567.8,708.26,171.54,0.73723
2018-02-28 14:22:26.257702,8567.8,708.26,171.54,0.73723
2018-02-28 14:22:36.559768,8567.8,708.26,171.54,0.73723
2018-02-28 14:22:46.806747,8548.04,705.86,171.54,0.73723
2018-02-28 14:22:57.054270,8548.04,705.86,172.0,0.73723
2018-02-28 14:23:07.473841,8548.04,705.86,172.26,0.734
2018-02-28 14:23:17.969159,8548.04,708.28,172.26,0.734
2018-02-28 14:23:28.485686,8548.04,708.28,172.69,0.73692
2018-02-28 14:23:38.698023,8548.04,708.28,172.69,0.73692
2018-02-28 14:23:49.050464,8548.04,708.28,172.69,0.73687
2018-02-28 14:23:59.456203,8548.04,708.28,172.18,0.73687
2018-02-28 14:24:09.880725,8567.7,706.15,172.16,0.73687
2018-02-28 14:24:20.090927,8567.84,706.15,172.16,0.73687
2018-02-28 14:24:30.501735,8548.32,707.0,171.93,0.73687
2018-02-28 14:24:41.154305,8548.32,707.0,171.93,0.73687
2018-02-28 14:24:51.546559,8548.32,707.0,171.25,0.73687
2018-02-28 14:25:02.034431,8548.32,707.0,171.91,0.73687
2018-02-28 14:25:12.522798,8560.0,707.0,171.91,0.73687
2018-02-28 14:25:22.747341,8560.0,707.0,171.91,0.73781
2018-02-28 14:25:33.093897,8573.24,707.0,171.91,0.73781
2018-02-28 14:25:43.569257,8573.24,707.15,171.91,0.73781
2018-02-28 14:25:54.042308,8573.24,707.15,172.35,0.73781
2018-02-28 14:26:04.285989,8573.24,709.46,172.33,0.73781
2018-02-28 14:26:14.613732,8579.1,709.46,172.33,0.73781
2018-02-28 14:26:24.922181,8579.1,709.46,172.33,0.73781
2018-02-28 14:26:35.406039,8567.14,709.46,172.33,0.73923
2018-02-28 14:26:45.812240,8567.14,709.46,172.33,0.73923
2018-02-28 14:26:56.201961,8567.14,709.46,172.33,0.73923
2018-02-28 14:27:06.618687,8589.8,709.46,171.64,0.73923
2018-02-28 14:27:16.864462,8563.47,709.46,171.64,0.73923
2018-02-28 14:27:27.127406,8563.47,708.29,171.64,0.73923
2018-02-28 14:27:37.348937,8563.47,708.29,171.64,0.73923
2018-02-28 14:27:47.585699,8563.47,708.29,171.8,0.7385
2018-02-28 14:27:57.867971,8563.47,708.29,171.8,0.7385
2018-02-28 14:28:08.081923,8586.04,708.29,171.8,0.7385
2018-02-28 14:28:18.484488,8586.03,709.99,171.84,0.7385
2018-02-28 14:28:28.988488,8585.94,709.99,172.47,0.7385
2018-02-28 14:28:39.285984,8585.94,709.99,172.47,0.7385
2018-02-28 14:28:49.898240,8585.94,709.99,172.47,0.7385
2018-02-28 14:29:00.361234,8585.94,709.99,172.47,0.7385
2018-02-28 14:29:10.756013,8585.94,709.99,172.47,0.7385
2018-02-28 14:29:21.157953,8584.57,709.99,171.8,0.7385
2018-02-28 14:29:31.762374,8584.57,709.99,171.8,0.7385
2018-02-28 14:29:42.111391,8584.78,709.99,171.8,0.7385
2018-02-28 14:29:52.511232,8584.78,709.99,171.8,0.7385
2018-02-28 14:30:03.185827,8581.39,709.99,172.51,0.7385
2018-02-28 14:30:13.532949,8581.39,709.99,172.51,0.7385
2018-02-28 14:30:23.786140,8581.39,709.99,172.51,0.7385
2018-02-28 14:30:34.173791,8588.68,707.48,171.78,0.736
2018-02-28 14:30:44.498104,8589.86,707.48,171.78,0.736
2018-02-28 14:30:54.813142,8589.86,707.48,171.78,0.736
2018-02-28 14:31:05.108750,8590.0,707.48,171.78,0.736
2018-02-28 14:31:15.808535,8589.99,707.48,171.78,0.736
2018-02-28 14:31:26.023565,8594.84,707.48,171.78,0.736
2018-02-28 14:31:36.615877,8594.33,709.41,171.78,0.7345
2018-02-28 14:31:46.954226,8575.71,709.41,171.78,0.7345
2018-02-28 14:31:57.625287,8590.72,709.83,171.78,0.7345
2018-02-28 14:32:07.935799,8590.11,709.83,171.78,0.74
2018-02-28 14:32:18.425706,8590.11,709.83,172.52,0.74
2018-02-28 14:32:29.000895,8589.59,709.83,172.52,0.74
2018-02-28 14:32:39.589222,8589.59,709.83,172.52,0.74
2018-02-28 14:32:49.857783,8589.59,709.83,172.52,0.74
2018-02-28 14:33:00.258490,8589.54,709.83,172.52,0.74
2018-02-28 14:33:10.660310,8589.54,709.83,172.52,0.74
2018-02-28 14:33:21.015074,8589.54,709.83,172.52,0.74
2018-02-28 14:33:31.420141,8588.4,709.83,172.52,0.74
2018-02-28 14:33:42.016268,8588.4,709.83,172.47,0.74
2018-02-28 14:33:52.532781,8568.54,709.83,172.47,0.74
2018-02-28 14:34:02.845878,8586.64,709.83,171.92,0.73959
2018-02-28 14:34:13.372320,8586.05,709.83,171.92,0.73959
2018-02-28 14:34:23.882323,8586.62,709.83,171.92,0.73959
2018-02-28 14:34:34.188878,8566.77,709.83,171.99,0.73959
2018-02-28 14:34:44.488354,8566.77,709.44,171.99,0.73959
2018-02-28 14:34:54.744579,8566.77,707.79,171.99,0.73843
2018-02-28 14:35:05.163430,8558.5,707.79,171.99,0.73843
2018-02-28 14:35:15.574157,8584.51,709.39,171.99,0.7381
2018-02-28 14:35:26.098603,8584.51,709.39,172.39,0.7381
2018-02-28 14:35:36.336980,8584.51,709.39,172.37,0.7381
2018-02-28 14:35:46.834006,8584.0,709.39,172.37,0.7381
2018-02-28 14:35:57.063760,8584.0,707.79,172.3,0.73701
2018-02-28 14:36:07.612345,8584.0,707.79,172.3,0.73701
2018-02-28 14:36:17.907600,8584.0,707.79,172.3,0.73701
2018-02-28 14:36:28.132209,8570.89,707.79,172.3,0.73701
2018-02-28 14:36:38.601120,8584.0,707.79,172.0,0.73701
2018-02-28 14:36:49.366998,8584.0,707.79,172.0,0.73701
2018-02-28 14:36:59.595667,8584.0,707.79,172.0,0.73701
2018-02-28 14:37:09.917113,8584.0,707.79,172.0,0.73701
2018-02-28 14:37:20.261308,8584.0,709.4,171.97,0.73701
2018-02-28 14:37:30.658793,8590.0,709.95,171.91,0.73701
2018-02-28 14:37:41.060119,8590.0,709.95,171.91,0.73701
2018-02-28 14:37:51.404570,8590.0,709.95,171.91,0.73701
2018-02-28 14:38:01.648862,8574.03,709.95,171.91,0.73701
2018-02-28 14:38:11.962499,8574.03,709.95,171.91,0.73701
2018-02-28 14:38:22.514308,8600.0,709.76,171.5,0.73701
2018-02-28 14:38:32.832652,8609.04,709.76,171.5,0.73701
2018-02-28 14:38:43.318465,8609.04,709.76,171.5,0.73701
2018-02-28 14:38:53.606973,8609.04,709.98,171.5,0.73701
2018-02-28 14:39:03.903024,8609.04,709.98,171.5,0.73701
2018-02-28 14:39:14.152449,8609.04,709.98,171.57,0.73701
2018-02-28 14:39:24.658350,8609.04,709.98,171.57,0.74
2018-02-28 14:39:34.987024,8624.99,709.98,171.57,0.74
2018-02-28 14:39:45.326020,8610.73,707.88,171.57,0.74
2018-02-28 14:39:55.641928,8623.56,709.96,172.24,0.74
2018-02-28 14:40:05.972925,8625.0,708.86,171.53,0.7371
2018-02-28 14:40:16.399327,8624.99,710.0,171.6,0.7371
2018-02-28 14:40:26.788723,8624.99,710.0,171.6,0.74
2018-02-28 14:40:37.080163,8621.74,710.0,171.6,0.74
2018-02-28 14:40:47.669631,8621.74,710.0,172.21,0.74
2018-02-28 14:40:58.008120,8621.74,710.0,172.21,0.74
2018-02-28 14:41:08.633683,8625.0,709.97,172.21,0.74
2018-02-28 14:41:19.082121,8625.0,710.0,172.21,0.7413
2018-02-28 14:41:29.467537,8625.0,710.0,172.21,0.7413
2018-02-28 14:41:39.804046,8609.04,710.0,172.21,0.7413
2018-02-28 14:41:50.249241,8609.04,710.0,172.36,0.7413
2018-02-28 14:42:00.771518,8609.04,710.0,172.36,0.7413
2018-02-28 14:42:11.221005,8625.0,710.0,172.36,0.7419
2018-02-28 14:42:21.583673,8625.0,710.0,172.21,0.7419
2018-02-28 14:42:32.138734,8625.0,710.0,172.21,0.7419
2018-02-28 14:42:42.852085,8609.04,710.0,172.21,0.7399
2018-02-28 14:42:53.168897,8609.04,710.0,172.21,0.7399
2018-02-28 14:43:03.797876,8624.25,710.0,172.07,0.7399
2018-02-28 14:43:14.347279,8624.24,710.0,172.08,0.7399
2018-02-28 14:43:24.774680,8624.24,710.0,171.49,0.7399
2018-02-28 14:43:35.324691,8616.6,710.0,171.49,0.7399
2018-02-28 14:43:45.637675,8616.6,710.0,172.13,0.7399
2018-02-28 14:43:56.150195,8601.28,708.57,172.13,0.7399
2018-02-28 14:44:06.499845,8616.55,708.57,172.13,0.7399
2018-02-28 14:44:16.893362,8616.55,710.0,172.04,0.7399
2018-02-28 14:44:27.202319,8616.55,710.0,172.04,0.7399
2018-02-28 14:44:37.580789,8616.55,710.0,172.04,0.7399
2018-02-28 14:44:47.988148,8616.55,710.0,172.04,0.7399
2018-02-28 14:44:58.213545,8623.17,710.0,172.04,0.7399
2018-02-28 14:45:08.616676,8623.12,710.0,172.04,0.7399
2018-02-28 14:45:19.046608,8603.91,710.0,171.53,0.73762
2018-02-28 14:45:29.359601,8605.0,710.0,171.53,0.73762
2018-02-28 14:45:39.671502,8605.0,710.0,171.53,0.73762
2018-02-28 14:45:49.986789,8608.46,710.0,171.53,0.73762
2018-02-28 14:46:00.361737,8614.21,710.0,171.53,0.73762
2018-02-28 14:46:10.760871,8629.52,710.0,171.53,0.7399
2018-02-28 14:46:20.969110,8609.81,710.0,171.53,0.7399
2018-02-28 14:46:31.427815,8608.65,710.0,171.53,0.7399
2018-02-28 14:46:41.794835,8629.79,710.0,171.92,0.7399
2018-02-28 14:46:52.218474,8610.0,710.0,171.92,0.7399
2018-02-28 14:47:02.566996,8624.16,710.0,171.91,0.7399
2018-02-28 14:47:12.889095,8624.16,710.0,171.91,0.7399
2018-02-28 14:47:23.222278,8624.16,710.0,171.91,0.7399
2018-02-28 14:47:33.514448,8626.31,710.0,171.91,0.7399
2018-02-28 14:47:43.846574,8610.12,710.0,171.91,0.74
2018-02-28 14:47:54.309388,8610.12,710.0,171.91,0.73772
2018-02-28 14:48:04.717040,8610.12,710.0,171.55,0.73772
2018-02-28 14:48:15.098951,8630.0,710.0,171.56,0.73774
2018-02-28 14:48:25.337987,8631.52,711.47,171.58,0.73774
2018-02-28 14:48:35.582242,8631.6,711.47,171.58,0.73774
2018-02-28 14:48:46.110679,8631.6,711.47,171.58,0.741
2018-02-28 14:48:56.609056,8648.48,711.47,171.58,0.741
2018-02-28 14:49:06.876332,8648.48,710.5,171.58,0.741
2018-02-28 14:49:17.219001,8648.48,710.5,171.58,0.741
2018-02-28 14:49:27.591840,8648.48,710.5,172.11,0.741
2018-02-28 14:49:38.115117,8640.5,710.5,172.11,0.741
2018-02-28 14:49:49.044230,8640.5,710.68,172.11,0.741
2018-02-28 14:49:59.492522,8630.0,710.68,172.11,0.741
2018-02-28 14:50:09.714284,8631.78,710.68,172.11,0.741
2018-02-28 14:50:20.055914,8631.78,710.68,172.11,0.741
2018-02-28 14:50:30.293157,8613.51,710.68,172.11,0.741
2018-02-28 14:50:40.710176,8613.51,710.68,172.11,0.741
2018-02-28 14:50:50.959740,8634.47,710.68,172.49,0.741
2018-02-28 14:51:01.401959,8634.47,710.68,172.47,0.741
2018-02-28 14:51:12.106385,8634.66,710.68,172.47,0.741
2018-02-28 14:51:22.435770,8638.09,710.68,172.47,0.741
2018-02-28 14:51:32.625482,8638.09,710.68,172.47,0.741
2018-02-28 14:51:42.972691,8638.09,710.68,172.47,0.741
2018-02-28 14:51:53.642947,8638.09,710.68,172.47,0.74099
2018-02-28 14:52:04.170085,8640.1,710.68,172.47,0.74099
2018-02-28 14:52:14.768471,8640.1,710.68,172.47,0.74099
2018-02-28 14:52:24.956695,8635.1,710.68,171.9,0.74099
2018-02-28 14:52:35.468390,8630.0,710.68,172.49,0.74099
2018-02-28 14:52:45.890277,8630.0,710.68,172.49,0.74099
2018-02-28 14:52:56.320678,8610.0,710.68,172.49,0.74099
2018-02-28 14:53:06.953266,8627.96,710.68,172.49,0.74099
2018-02-28 14:53:17.200868,8605.11,713.18,172.49,0.74099
2018-02-28 14:53:27.548127,8605.11,713.18,172.49,0.74099
2018-02-28 14:53:38.081321,8605.11,713.18,172.49,0.74099
2018-02-28 14:53:48.580365,8605.11,713.18,172.18,0.74099
2018-02-28 14:53:59.400143,8628.4,713.18,172.18,0.74099
2018-02-28 14:54:09.836675,8612.21,713.18,172.15,0.74099
2018-02-28 14:54:20.050050,8612.21,713.18,172.15,0.74059
2018-02-28 14:54:30.253779,8612.21,712.76,172.15,0.74059
2018-02-28 14:54:40.728140,8612.21,712.76,172.15,0.74059
2018-02-28 14:54:50.942577,8631.6,712.76,171.77,0.74059
2018-02-28 14:55:01.249654,8631.6,712.76,171.77,0.74059
2018-02-28 14:55:11.548954,8631.6,712.76,171.77,0.74059
2018-02-28 14:55:21.963758,8631.6,712.76,171.77,0.741
2018-02-28 14:55:32.566110,8631.6,712.76,171.77,0.741
2018-02-28 14:55:42.973754,8631.6,712.76,171.77,0.741
2018-02-28 14:55:53.295096,8631.6,712.71,171.77,0.741
2018-02-28 14:56:03.712987,8609.91,712.71,171.77,0.741
2018-02-28 14:56:14.078353,8634.11,712.71,172.25,0.741
2018-02-28 14:56:24.281271,8630.47,712.71,172.25,0.741
2018-02-28 14:56:34.857042,8630.47,712.71,172.25,0.741
2018-02-28 14:56:45.077704,8630.47,712.71,172.25,0.741
2018-02-28 14:56:55.386193,8624.49,712.71,172.25,0.741
2018-02-28 14:57:05.719343,8624.4,712.71,172.25,0.741
2018-02-28 14:57:16.192091,8622.3,712.65,172.25,0.741
2018-02-28 14:57:26.606902,8605.0,712.65,171.59,0.741
2018-02-28 14:57:37.076145,8603.66,712.53,171.59,0.741
2018-02-28 14:57:47.566393,8603.66,712.53,171.59,0.741
2018-02-28 14:57:57.786398,8600.0,712.38,171.59,0.73718
2018-02-28 14:58:08.114068,8604.5,712.38,171.59,0.73718
2018-02-28 14:58:18.724114,8604.5,712.38,171.59,0.73996
2018-02-28 14:58:29.049283,8604.5,712.33,171.59,0.73996
2018-02-28 14:58:39.657889,8604.5,712.33,171.59,0.73996
2018-02-28 14:58:50.046745,8604.5,712.33,171.59,0.73996
2018-02-28 14:59:00.496019,8604.5,712.31,171.59,0.73996
2018-02-28 14:59:11.012523,8612.8,712.31,171.59,0.73996
2018-02-28 14:59:21.606208,8612.8,712.31,171.59,0.73996
2018-02-28 14:59:31.876765,8610.07,712.31,171.64,0.73996
2018-02-28 14:59:42.509627,8610.07,712.31,171.64,0.73996
2018-02-28 14:59:52.922526,8594.7,712.31,171.5,0.73996
2018-02-28 15:00:03.353597,8604.0,710.0,171.51,0.7399
2018-02-28 15:00:13.697278,8604.0,710.0,171.56,0.7399
2018-02-28 15:00:24.129112,8603.3,711.92,171.56,0.7399
2018-02-28 15:00:34.484676,8603.3,711.92,171.56,0.7399
2018-02-28 15:00:44.971886,8603.3,711.92,171.56,0.7399
2018-02-28 15:00:55.385296,8603.3,711.92,171.56,0.7399
2018-02-28 15:01:05.777912,8603.3,711.92,171.56,0.73717
2018-02-28 15:01:15.973809,8601.69,711.37,171.56,0.73717
2018-02-28 15:01:26.343070,8578.32,710.0,171.56,0.73717
2018-02-28 15:01:36.583748,8594.82,710.0,171.56,0.73717
2018-02-28 15:01:46.919464,8594.82,710.0,171.31,0.73717
2018-02-28 15:01:57.440722,8594.82,710.0,171.31,0.73717
2018-02-28 15:02:07.813500,8594.82,710.0,171.31,0.73717
2018-02-28 15:02:18.091073,8594.82,711.01,171.31,0.73717
